2820 3334
471 199 523 236 66

470 285 554 315 1¹01.
572 285 653 315 129.

472 327 533 366 Ge
553 333 655 366 esset
691 327 785 366 uidit
806 328 831 365 il

470 381 552 419 lum
571 389 680 431 pater
699 382 819 431 ipsius
838 388 877 420 et

471 436 678 474 adcurrens
699 437 779 475 ceci

471 490 526 528 dit
547 502 664 540 supra
683 490 826 528 collum

471 545 554 583 eius
572 551 609 582 et
629 545 825 583 osculatus

470 605 529 636 est
548 598 656 636 illum

471 652 693 703 ‘²¹Dixitque
714 652 750 690 ei
770 652 881 691 filius·
901 664 954 703 pa

470 713 528 744 ter
547 706 707 756 peccaui
727 707 766 744 in
785 719 856 746 cae

470 761 550 798 lum
569 767 608 799 et
627 773 759 799 coram
778 768 815 799 te

470 815 549 853 iam
568 827 649 853 non
668 827 753 853 sum
775 815 842 865 dig

469 881 544 907 nus
562 870 694 908 uocari
715 870 813 908 filius
833 876 874 908 tu

468 935 515 961 us
642 922 769 962 2²dixit
789 929 905 962 aute-

469 984 578 1028 pater
598 978 680 1016 eius
700 978 749 1016 ad
769 989 902 1016 seruos

470 1043 574 1069 suos·
631 1033 706 1070 cito
727 1032 855 1082 profer

471 1093 507 1124 te
527 1085 666 1123 stolam
686 1086 790 1123 illam
810 1086 867 1136 pri

469 1151 574 1178 mam
595 1147 633 1178 et
652 1140 800 1178 induite
820 1140 914 1178 illu-

468 1200 507 1232 et
527 1194 614 1232 date
633 1194 795 1232 anulum
814 1195 854 1232 in

468 1260 626 1286 manum
648 1249 729 1287 eius
747 1256 785 1287 et
805 1249 866 1287 cal

468 1302 662 1341 ciamenta
680 1304 719 1341 in
739 1303 828 1353 pedi

468 1357 543 1395 bus
562 1357 643 1395 eius
708 1357 781 1394 2³et
801 1357 904 1396 addu

468 1411 542 1450 cite
560 1411 723 1449 uitulum
742 1411 848 1449 illum

468 1466 686 1515 saginatum
720 1472 757 1503 et
776 1466 860 1504 occi

468 1520 547 1557 dite
577 1526 614 1557 et
633 1520 914 1559 manducemus

467 1581 506 1612 et
525 1574 726 1624 epulemur
744 1573 868 1625 ²¹¹quia
888 1574 950 1614 hic

468 1660 587 1699 Filius
607 1673 718 1700 meus
737 1674 823 1701 mor

467 1722 555 1754 tuus
573 1715 698 1754 fuerat
717 1723 754 1754 et
772 1729 814 1755 re

467 1770 563 1808 uixit
597 1771 760 1820 perierat
779 1776 818 1808 et

468 1825 648 1862 inuentus
666 1832 724 1862 est
743 1831 780 1863 et
801 1836 873 1864 coe

467 1886 606 1928 perunt
625 1879 793 1929 aepulari

467 1933 594 1971 ²⁵Erat
614 1941 744 1971 autem
763 1933 862 1971 filius

467 1987 549 2025 eius
570 1988 695 2025 iunior
714 1989 753 2025 in
772 2000 868 2036 agro

468 2048 507 2079 et
527 2053 617 2079 cum
636 2042 785 2080 ueniret
806 2048 845 2080 et

468 2095 715 2145 adpropiaret
734 2096 867 2134 domui

468 2149 615 2188 audiuit
634 2149 852 2199 synfoniam

468 2210 506 2241 et
527 2203 690 2242 chorum
710 2204 776 2241 ²⁶et
797 2216 848 2242 uo

467 2258 570 2296 cauit
587 2270 709 2295 unum
730 2258 777 2297 de
798 2270 859 2296 ser

467 2312 527 2350 uis
546 2318 584 2350 et
603 2312 852 2363 interrogabit

466 2378 567 2416 quae
587 2373 716 2405 essent

467 2420 567 2458 ‘²⁷Ad
586 2420 647 2459 ille
669 2421 765 2459 dixit
784 2420 835 2459 illi
855 2420 913 2459 fra

467 2481 524 2513 ter
544 2482 631 2513 tuus
650 2475 756 2514 uenit
775 2482 812 2513 et
831 2487 878 2514 oc

469 2529 559 2567 cidit
578 2537 688 2579 pater
707 2536 794 2568 tuus
813 2530 852 2568 ui

468 2584 590 2621 tulum
612 2583 716 2622 illurn
737 2585 819 2633 sagi

467 2643 600 2675 natum
622 2639 712 2688 quia
734 2638 872 2676 saluu-

466 2690 571 2728 illum
591 2694 736 2742 recepit
771 2691 845 2730 28in

467 2744 645 2794 dignatus
664 2753 722 2784 est
740 2753 858 2784 aute-

468 2806 505 2836 et
526 2799 646 2837 noluit
666 2800 818 2838 introire

467 2861 576 2904 pater
595 2864 686 2890 uero
706 2853 804 2891 illius

467 2918 643 2957 egressus
663 2908 791 2957 coepit
815 2907 911 2945 illu-

705 196 750 234 E
752 197 821 235 UA
827 195 879 236 N
877 195 1024 235 GELI
1024 196 1115 238 UM
1137 195 1214 236 SE
1215 196 1249 236 C

1008 327 1166 378 Rogare

1005 381 1104 419 ²⁹Ad
1120 381 1181 419 ille
1202 380 1445 432 respondens

1006 436 1100 474 dixit
1119 436 1216 486 patri
1235 448 1306 475 suo
1325 448 1415 474 ecce

1005 490 1112 540 quod
1130 491 1243 528 annis
1262 490 1390 530 seruio

1005 544 1072 582 tibi
1092 550 1129 582 et
1148 556 1363 594 numquam

1004 599 1233 637 mandatum
1253 605 1363 637 tuum

1003 653 1157 703 preterii
1177 659 1215 691 et
1234 657 1436 703 numqua*

1004 707 1141 745 dedisti
1160 707 1254 745 mihi
1273 707 1414 746 aedum

1003 769 1046 799 ut
1066 774 1156 800 cum
1176 761 1311 800 amicis
1330 762 1429 800 meis

1004 816 1203 865 aepularer

1002 870 1032 891 ⁸⁰
1045 870 1122 908 Sed
1141 876 1349 919 postquam
1369 869 1467 907 filius

1002 930 1092 962 tuus
1112 923 1173 962 hic
1192 924 1259 974 qui
1278 924 1423 962 deuora

1002 978 1059 1015 uit
1081 978 1334 1016 substantiam
1354 984 1396 1016 tu

1003 1044 1067 1070 am
1087 1044 1177 1070 cum
1196 1033 1350 1071 meretri

1004 1086 1113 1124 cibus
1142 1086 1248 1124 uenit
1267 1093 1306 1125 et
1325 1098 1375 1125 oc

1003 1140 1126 1179 cidisti
1145 1140 1198 1178 illi
1218 1140 1382 1179 uitulum

1004 1195 1223 1244 saginatum

1002 1248 1100 1286 ³1Ad
1114 1249 1195 1298 ipse
1208 1248 1304 1287 dixit
1317 1248 1380 1287 illi·
1394 1248 1447 1287 fili
1461 1254 1502 1287 tu

1004 1315 1158 1352 semper
1176 1315 1331 1341 mecum
1351 1315 1393 1341 es

1003 1364 1041 1396 et
1060 1357 1191 1395 omnia
1210 1369 1298 1396 mea
1317 1364 1383 1395 tua

1004 1418 1094 1449 sunt

1003 1464 1232 1515 ⁸²Aepulare
1251 1472 1382 1504 autem
1401 1477 1475 1504 nos

1002 1526 1040 1558 et
1059 1520 1227 1569 gaudere
1243 1526 1394 1570 oportet

1002 1575 1093 1625 quia
1114 1574 1228 1613 frater
1247 1581 1335 1613 tuus
1355 1574 1418 1613 hic

1002 1661 1182 1700 Mortuus
1201 1661 1325 1701 fuerat

1000 1722 1038 1754 et
1057 1716 1193 1754 reuixit
1212 1717 1375 1767 perierat

1001 1777 1039 1809 et
1057 1771 1238 1809 inuentus
1257 1777 1315 1809 est
1432 1767 1506 1823 [ad

1001 1834 1044 1862 LI
1061 1834 1097 1863 16
1115 1824 1294 1863 ¹Dz'cebat
1318 1829 1438 1863 autem
1470 1829 1505 1863 et

1002 1880 1210 1930 discipulos
1231 1891 1321 1918 suos
1340 1879 1392 1918 ho

1001 1946 1068 1972 mo
1088 1933 1244 1984 quidam
1265 1940 1347 1972 erat
1366 1934 1405 1972 di

1001 2000 1071 2027 ues
1090 1989 1156 2039 qui
1175 1987 1342 2026 habebat
1362 1987 1428 2026 uili

1002 2055 1092 2082 cum
1112 2049 1150 2081 et
1170 2042 1233 2080 hie
1252 2042 1409 2080 diffatus

1000 2103 1081 2135 erat
1100 2104 1192 2147 aput
1211 2097 1318 2135 illum
1351 2095 1459 2146 quod

1001 2151 1202 2201 dissipauit
1222 2152 1326 2189 bona
1345 2152 1429 2189 eius

1000 2206 1059 2243 ²et
1078 2206 1235 2244 uocauit
1254 2205 1361 2243 illum
1380 2212 1418 2243 et

1001 2259 1053 2298 ait
1073 2259 1138 2296 illi·
1194 2259 1287 2310 quid
1307 2259 1381 2298 hoc
1400 2271 1451 2297 au

1002 2314 1066 2352 dio
1086 2313 1134 2352 de
1153 2320 1189 2351 te
1209 2314 1326 2352 redde
1345 2314 1443 2351 ratio

1001 2380 1092 2406 nem
1112 2367 1340 2406 uilicationis
1359 2374 1400 2405 tu

1001 2434 1047 2460 ae
1066 2422 1143 2459 iam
1162 2422 1267 2459 enim
1286 2433 1367 2460 non
1385 2432 1439 2471 po

1001 2482 1074 2514 test
1092 2475 1259 2514 uilicare·

1000 2530 1086 2568 ³Ait
1106 2536 1235 2568 autem
1255 2529 1386 2568 uilicus
1405 2529 1444 2567 in

1001 2591 1058 2622 tra
1074 2597 1119 2634 ‘se
1139 2584 1231 2634 quid
1251 2584 1391 2622 faciam

1001 2639 1092 2690 quia
1112 2639 1184 2677 dfis
1203 2650 1312 2676 meus
1331 2636 1419 2676 aufe

1000 2701 1057 2731 ret
1076 2705 1098 2731 a
1121 2705 1184 2731 me
1205 2693 1454 2731 uilicatione‘

999 2747 1132 2786 fodere
1152 2759 1232 2786 non
1251 2746 1367 2786 ualeo

999 2801 1220 2840 mendicare
1240 2802 1379 2839 erubes

1000 2868 1048 2894 co
1104 2856 1292 2905 ⁴cognoui
1311 2855 1404 2906 quid

1000 2909 1140 2948 faciam
1159 2916 1200 2947 ut
1219 2921 1308 2948 cum
1328 2921 1420 2948 amo

1372 3019 1422 3044 XX

1920 199 2224 240 LUCANUM
2273 198 2353 255 [xv.
2374 215 2520 242 zo-xvr.
2545 216 2604 243 21.

1574 284 1658 316 Pol.
1674 286 1755 316 130.

1574 327 1658 366 Tus
1678 327 1786 367 fuero
1806 340 1829 367 a
1847 328 2018 369 uilicatio

1574 394 1622 420 ne
1643 382 1829 433 recipiant
1849 395 1913 422 me
1932 383 1973 422 in

1573 436 1711 474 domos
1731 449 1819 475 suas

1571 489 1831 530 “Conuocatis
1851 491 1994 542 itaque·
2013 491 2074 531 εἰ·

1573 545 1669 594 gulis
1690 545 1927 584 debitoribus
1945 545 1997 586 do

1573 599 1667 637 mini
1689 599 1747 637 sui
1788 599 1940 638 dicebat

1573 653 1700 703 primo
1721 660 1912 704 quantum
1932 653 1981 692 de

1573 708 1640 746 bes
1660 708 1739 746 dfio
1758 720 1847 747 meo
1902 708 1972 747 ⁸ad

1572 761 1632 800 ille
1651 761 1747 800 dixit
1765 769 1919 801 centum
1940 763 1991 801 ba

1571 816 1618 855 tis
1637 816 1711 854 olei
1749 817 1922 866 dixitque
1943 817 1967 854 il

1571 869 1596 907 li
1616 870 1754 920 adcipe
1773 871 1916 909 litteras
1936 878 1976 909 tu

1571 936 1613 962 as
1634 930 1671 962 et
1691 924 1782 963 sede
1801 925 1877 963 cito
1896 925 2020 964 scribe

1572 978 1866 1028 quinquaginta·
1904 979 1975 1018 ‘'de

1571 1032 1660 1070 inde
1675 1033 1749 1072 alio
1764 1033 1871 1071 dixit·
1891 1039 1946 1072 tu·
1967 1039 2072 1084 qua-

1572 1093 1653 1124 tum
1673 1087 1803 1126 debes·
1842 1087 1894 1125 ait
1914 1100 1988 1126 cen

1572 1148 1653 1178 tum
1674 1141 1816 1180 choros
1835 1142 1948 1180 tritici

1570 1195 1636 1232 Ait
1656 1195 1707 1233 illi
1727 1195 1864 1246 adcipe
1884 1196 2025 1234 litteras

1570 1255 1656 1287 tuas
1675 1250 1833 1288 scribae·
1853 1250 2009 1298 octogi-

1570 1310 1609 1341 ta
1683 1304 1741 1342 8et
1760 1304 1931 1342 laudabit
1951 1305 2038 1343 dms

1570 1357 1724 1396 uilicum
1744 1358 1951 1408 iniquitatis

1570 1412 1677 1462 quod
1696 1412 1905 1463 prudenter
1925 1412 1962 1450 fe

1570 1467 1620 1504 cit
1712 1466 1806 1504 dixit
1825 1472 1955 1504 autem

1569 1520 1621 1558 fili
1640 1520 1754 1558 huius
1773 1520 1913 1558 saeculi
1932 1532 2005 1571 pru

1570 1575 1762 1614 dentiores
1783 1581 1872 1613 sunt
1892 1581 1997 1625 qua-

1569 1661 1653 1700 Filii
1671 1661 1768 1700 lucis
1787 1661 1826 1699 in
1847 1661 1918 1700 hac
1938 1673 1988 1711 ge

1569 1716 1769 1755 neratione

1568 1771 1640 1809 ⁹Et
1659 1783 1734 1820 ego
1753 1769 1842 1809 dico
1861 1769 1973 1809 uobis
1993 1770 2031 1809 fa

1569 1826 1642 1864 cite
1661 1825 1774 1863 uobis
1794 1825 1940 1863 amicos

1569 1880 1617 1918 de
1638 1891 1822 1917 mamona
1842 1878 1965 1929 iniqui

1569 1933 1657 1972 tatis
1676 1940 1719 1971 ut
1739 1945 1832 1971 cum
1851 1932 1984 1972 defece

1569 1988 1650 2026 ritis
1669 1987 1854 2037 recipiant
1873 1999 1946 2026 uos

1567 2042 1607 2080 in
1627 2048 1782 2080 aeterna
1801 2042 1962 2080 taberna

1567 2096 1654 2135 cula

1567 2150 1596 2171 ¹⁰
1604 2150 1682 2198 Qui
1697 2149 1820 2188 fidelis
1838 2156 1897 2189 est
1916 2149 1956 2187 in
1974 2148 2069 2187 mini

1567 2216 1634 2243 mo
1652 2211 1689 2243 et
1708 2204 1748 2242 in
1768 2204 1895 2243 maius
1913 2203 1990 2242 fide

1566 2258 1612 2297 lis
1631 2265 1690 2297 est
1745 2266 1783 2297 et
1802 2259 1868 2309 qui
1888 2259 1928 2296 in
1946 2269 2014 2296 mo

1567 2313 1655 2352 dico
1676 2313 1798 2351 fidelis
1816 2320 1874 2351 est
1893 2318 1932 2351 et
1950 2312 1991 2350 in

1566 2367 1690 2406 maius
1710 2367 1865 2417 iniquus
1884 2372 1942 2404 est

1567 2421 1593 2442 ¹¹
1604 2421 1643 2459 Si
1658 2433 1753 2471 ergo
1768 2422 1806 2458 in
1825 2420 1959 2471 iniquo
1973 2425 2069 2458 ma‘·

1567 2487 1686 2514 mona
1704 2474 1829 2513 fidelis
1850 2486 1931 2513 non

1567 2529 1688 2568 fuistis
1739 2528 1845 2579 quod
1863 2532 1988 2567 ueru-

1566 2591 1623 2621 est
1643 2583 1729 2634 quis
1748 2583 1868 2621 credit
1888 2594 1940 2621 uo

1567 2639 1627 2676 bis
1736 2636 1808 2675 ¹²et
1828 2638 1859 2675 si
1880 2637 1919 2674 in
1940 2635 2013 2675 alie

1567 2704 1620 2731 no
1641 2691 1763 2730 fidelis
1783 2703 1862 2730 non
1883 2691 1958 2730 suis

1566 2747 1613 2785 tis
1633 2745 1740 2797 quod
1759 2752 1930 2784 uestrum

1565 2807 1623 2839 est
1643 2801 1730 2851 quis
1748 2799 1855 2838 dabit
1873 2800 1987 2838 uobis

1566 2863 1627 2891 LII
1643 2855 1670 2876 ¹³
1680 2854 1801 2894 lVemo
1818 2867 1952 2893 seruus
1960 2861 2014 2904 po

1567 2915 1640 2947 test
1661 2909 1813 2948 duobus
1833 2906 1959 2961 do[mi

2107 330 2147 369 N
2149 331 2180 369 is
2199 331 2343 371 seruire
2398 339 2466 372 aut

2107 385 2213 423 enim
2232 398 2354 424 unum
2374 387 2480 426 odiet

2107 445 2145 478 et
2165 439 2326 478 alterum
2346 440 2479 490 diliget

2107 500 2173 532 aut
2191 494 2259 532 uni
2277 494 2449 533 aderebit
2467 502 2506 534 et

2108 547 2270 586 alterum
2289 555 2511 588 contemnet

2106 613 2188 639 non
2207 603 2367 652 potestis
2385 603 2442 642 do
2462 615 2525 643 ser

2106 655 2186 692 uire
2205 662 2243 694 et
2262 668 2469 696 mamonae

2106 708 2355 749 1⁴Audiebant
2367 718 2495 750 autem
2507 711 2605 751 haec

2106 763 2240 802 omnia
2258 763 2447 813 pharisaei
2465 766 2533 816 qui

2106 826 2215 856 erant
2235 818 2341 856 auari
2360 825 2398 857 et
2417 818 2498 857 deri

2106 871 2251 910 debant
2269 872 2376 911 illum

2105 925 2133 947 ¹⁵
2139 926 2190 963 Et
2201 926 2253 964 ait
2267 926 2339 965 illis
2353 938 2425 965 uos
2437 926 2529 966 estis
2540 927 2605 978 qui

2106 979 2320 1019 iustificatis
2339 992 2412 1019 uos
2430 987 2551 1020 cora-

2106 1034 2329 1073 hominibus
2361 1034 2409 1073 ds
2427 1041 2547 1074 aute-

2106 1087 2229 1127 Nouit
2248 1088 2368 1127 corda
2386 1096 2515 1128 uestra

2105 1143 2196 1193 quia
2215 1143 2323 1194 quod
2342 1143 2566 1182 hominibus

2105 1197 2224 1235 altum
2243 1204 2302 1236 est
2320 1197 2478 1236 abhomi

2105 1252 2212 1290 natio
2231 1258 2288 1289 est
2307 1257 2397 1290 ante
2416 1251 2485 1289 dm

2104 1304 2222 1344 ¹⁶Lex
2237 1312 2274 1344 et
2294 1305 2507 1355 prophetae
2525 1318 2573 1344 us

2105 1371 2181 1410 que
2201 1359 2250 1397 ad
2270 1359 2478 1398 iohannem

2105 1425 2154 1451 ex
2175 1425 2254 1464 quo
2273 1426 2437 1462 regnum
2455 1413 2498 1451 di

2104 1468 2388 1517 euangelizatur
2406 1474 2445 1506 et

2104 1522 2253 1569 omnies
2273 1522 2313 1560 in
2332 1521 2424 1560 illud
2441 1521 2522 1560 uim

2105 1573 2235 1628 [fa]cit

2103 1662 2301 1702 ”Facilius
2319 1669 2378 1701 est
2396 1669 2530 1702 autem

2102 1717 2254 1756 caelum
2272 1723 2311 1756 et
2329 1724 2469 1756 terram
2488 1730 2557 1768 pre

2102 1772 2235 1810 terirae
2254 1784 2373 1823 quam
2392 1771 2441 1811 de
2459 1771 2496 1810 le

2101 1838 2151 1875 ge
2168 1838 2292 1864 unum
2310 1827 2462 1876 apicem
2481 1838 2530 1865 ca

2102 1880 2192 1918 dere

2101 1933 2275 1973 18Omnis
2287 1934 2353 1984 qui
2360 1933 2513 1972 dimittit
2521 1945 2602 1972 uxo

2102 2001 2183 2026 rem
2202 2000 2312 2026 suam
2331 1995 2368 2026 et
2388 1987 2492 2026 ducit

2102 2042 2261 2081 alteram
2280 2042 2509 2081 moechatur

2103 2103 2140 2135 et
2159 2097 2224 2147 qui
2243 2096 2443 2135 dimissam
2463 2108 2487 2134 a
2505 2095 2546 2134 ui
2599 2104 2601 2107 ’

2103 2163 2148 2189 ro
2168 2151 2273 2189 ducit
2292 2157 2494 2189 moecatur

2102 2215 2180 2242 LIII
2197 2205 2224 2226 ¹⁹
2231 2205 2354 2242 Homo
2372 2209 2492 2242 autem
2510 2204 2581 2254 qui

2102 2259 2193 2297 dam
2212 2265 2294 2297 erat
2312 2259 2418 2296 diues
2437 2265 2476 2297 et

2101 2313 2330 2351 induebatur
2348 2324 2475 2363 purpu

2102 2379 2185 2405 ram
2204 2373 2242 2405 et
2262 2367 2420 2416 byssum
2440 2373 2477 2404 et
2496 2378 2543 2405 ae

2101 2421 2306 2472 pulabatur
2324 2420 2480 2460 cottidie

2197 2473 2233 2505 di

2102 2517 2329 2570 splendebat
2348 2517 2420 2556 ²⁰et
2439 2525 2519 2557 erat

2101 2573 2258 2624 quidam
2278 2572 2481 2610 mendicus

2101 2628 2260 2665 nomine
2279 2626 2427 2664 lazarus
2445 2626 2512 2677 qui

2101 2682 2254 2720 iacebat
2273 2681 2323 2719 ad
2343 2681 2501 2718 ianuam

2102 2736 2185 2774 eius
2216 2735 2408 2773 ulceribus
2426 2733 2491 2783 ple

2105 2801 2180 2827 nus
2211 2787 2406 2838 ²¹cupiens
2426 2793 2555 2825 satura

2101 2843 2132 2881 ri
2151 2855 2199 2881 ex
2219 2842 2278 2880 his
2295 2853 2372 2891 que
2391 2839 2554 2879 cadebat

2101 2897 2150 2935 de
2169 2907 2304 2933 mensa
2323 2894 2450 2932 diuitis
2469 2895 2539 2933 sed

2101 2957 2138 2988 et
2159 2960 2276 2988 canes
2289 2949 2498 2987 ueniebant
