2820 3334
454 199 529 235 104
1047 189 1122 227 PA
1131 188 1508 228 LJMPSESTUS
1551 188 1625 227 FL
1633 189 1770 228 ORIA
1783 190 1995 230 CENSIS

504 324 614 363 Folio
639 335 711 362 122
1249 337 1436 364 EPISTOLA
1465 337 1648 364 IOHANNIS
1677 338 1797 365 PRmA

1287 422 1329 476 (1
1355 423 1412 463 St.
1432 424 1537 476 John
1555 424 1605 464 iii.
1629 423 1752 476 8-20)

831 522 894 561 Cit
949 519 1173 575 pec]catum
1229 521 1277 561 de
1324 522 1480 562 diabolo
1536 530 1594 561 est
1641 523 1730 573 quia
1787 523 1837 561 ab
1882 523 1989 563 initio
2031 524 2206 565 diabolus

827 582 963 626 peccat
1008 573 1067 629 in]
1115 576 1191 615 hoc
1231 578 1410 627 apparuit
1448 577 1547 615 filius
1585 576 1625 615 di
1663 584 1706 615 ut
1744 577 1869 616 soluat
1906 590 2026 628 opera
2063 580 2205 619 diaboli

830 630 983 669 ⁹omnis
1009 631 1075 681 qui
1100 643 1126 668 n
1149 637 1232 669 atus
1257 638 1315 670 est
1338 631 1386 670 de
1412 631 1465 670 do
1491 638 1694 681 peccatum
1722 643 1803 670 non
1833 632 1922 671 facit
1950 633 2042 683 quia
2069 642 2205 673 seme-

830 685 912 724 eius
941 685 982 722 in
1010 697 1059 723 eo
1084 697 1123 722 m
1147 692 1235 723 anet
1262 692 1300 723 et
1328 698 1408 723 non
1436 692 1563 736 potest
1591 698 1752 735 peccare
1781 687 1968 736 quoniam
1997 687 2045 725 de
2073 687 2127 726 do
2156 701 2207 727 na

830 746 894 777 tus
922 745 979 777 est
1007 736 1106 792 ¹⁰in]
1135 740 1211 778 hoc
1240 739 1431 778 manifesti
1459 747 1547 778 sunt
1577 740 1643 778 filii
1670 740 1712 778 di
1740 746 1777 778 et
1810 740 1876 778 filii
1903 748 1941 779 et
1970 741 2035 778 filii
2063 742 2208 781 diaboli

828 794 956 832 omnis
981 791 1065 846 qui]
1093 805 1174 831 non
1200 793 1292 831 facit
1318 793 1496 832 iustitiam
1522 806 1602 832 non
1629 801 1687 832 est
1715 794 1763 832 de
1793 793 1846 833 do
1875 801 1913 833 et
1941 795 2006 845 qui
2034 808 2115 834 non
2143 796 2209 834 dili

829 848 885 897 git
905 845 1078 900 fratre]m
1098 859 1211 885 suum
1229 847 1256 868 ¹¹
1272 848 1459 898 quoniam
1486 848 1560 886 hoc
1579 855 1637 886 est
1662 848 1890 887 mandatum
1916 849 2023 898 quod
2046 850 2206 889 audistis

828 903 878 940 ab
907 901 1015 939 initio
1044 898 1107 1008 ut}
1135 901 1339 950 diligamus
1371 902 1538 940 inuicem
1567 901 1596 923 ¹²
1607 914 1688 940 non
1717 903 1811 941 sicut
1841 903 1930 941 cain
1958 916 2005 942 ex
2034 904 2207 954 maligno

829 962 910 993 erat
939 962 976 994 et
1004 955 1089 994 occi
1112 954 1166 993 dit
1195 955 1350 994 fratrem
1381 967 1494 995 suum
1524 962 1562 994 et
1589 956 1697 995 cuius
1726 957 1931 1007 reigratia
1959 957 2100 996 occidit
2127 966 2208 996 eu-

1604 1017 1622 1035 n

779 1058 818 1081 10
831 1042 1017 1092 quoniam
1050 1054 1074 1079 o
1099 1054 1188 1091 pera
1226 1041 1308 1080 eius
1345 1042 1518 1093 maligna
1550 1050 1630 1082 erat
1665 1043 1790 1082 fratris
1827 1050 1957 1083 autem
1988 1045 2070 1083 eius
2107 1045 2208 1084 iusta

829 1096 982 1135 ¹³nolite
1001 1096 1072 1134 mir
1094 1096 1149 1134 ari
1166 1096 1299 1134 fratres
1318 1097 1350 1134 si
1369 1097 1450 1135 odit
1469 1110 1541 1136 nos
1560 1097 1624 1137 hie
1643 1098 1812 1138 mundus
1830 1098 1936 1137 ¹⁴n0s
1955 1099 2097 1138 scimus
2116 1100 2207 1150 quia

826 1150 999 1189 translati
1036 1147 1189 1202 s]umus
1227 1150 1275 1188 de
1314 1158 1438 1189 morte
1476 1152 1516 1189 in
1562 1153 1680 1191 uitam
1718 1153 1809 1203 quia
1846 1153 2037 1203 diligimus
2074 1153 2206 1193 fratres

827 1205 894 1256 qui
923 1217 1003 1243 non
1033 1204 1084 1242 dil
1107 1205 1174 1254 igit
1201 1212 1399 1254 permanet
1431 1206 1470 1243 in
1503 1214 1627 1244 morte
1655 1206 1684 1228 ¹⁶
1697 1207 1823 1246 omnis
1854 1207 1920 1257 qui
1952 1207 2032 1245 odit
2060 1207 2207 1246 fratre-

830 1271 943 1297 suum
976 1259 1190 1297 homicida
1223 1266 1280 1297 est
1309 1266 1347 1297 et
1380 1260 1482 1298 scitis
1515 1261 1698 1310 quoniam
1736 1261 1865 1299 omnis
1894 1260 2089 1299 homicida
2121 1270 2206 1301 no-

826 1313 944 1352 habet
979 1310 1120 1365 uita]m
1158 1319 1356 1351 aeternam
1394 1314 1434 1351 in
1472 1326 1513 1352 se
1543 1322 1779 1354 manentem·
1810 1315 1838 1336 ²⁶
1850 1315 1890 1352 in
1922 1315 1998 1353 hoc
2036 1317 2206 1365 cognobi

828 1379 916 1406 mus
950 1364 1168 1420 carita[tem
1201 1368 1293 1418 quia
1323 1367 1384 1406 ille
1414 1380 1485 1418 pro
1517 1369 1630 1407 nobis
1660 1369 1831 1408 animam
1863 1381 1973 1408 suam
2006 1371 2136 1420 posuit
2167 1377 2205 1409 et

826 1467 899 1493 nos
918 1454 1057 1493 debem
1079 1467 1125 1493 us
1143 1454 1192 1492 de
1211 1429 1336 1493 fratib·
1357 1455 1527 1494 animam
1547 1468 1693 1506 ponere
1818 1456 1846 1478 1⁷
1857 1457 1924 1507 qui
1949 1463 2078 1494 autem
2101 1458 2204 1496 habu

828 1510 899 1548 erit
935 1452 1209 1562 substa3ntiam
1246 1509 1359 1548 huius
1397 1510 1532 1547 mundi
1569 1516 1608 1548 et
1645 1510 1783 1549 uiderit
1819 1510 1975 1549 fratrem
2012 1511 2075 1549 cui
2107 1524 2207 1562 opus

827 1571 886 1602 est
918 1570 956 1602 et
994 1561 1190 1616 clau]serit
1220 1563 1370 1602 uiscera
1403 1576 1473 1602 sua
1503 1565 1553 1602 ab
1582 1577 1630 1603 eo
1661 1565 1862 1615 quomodo
1894 1564 2031 1603 caritas
2065 1565 2106 1603 di
2138 1579 2209 1617 per

1983 1626 2001 1644 0

774 1664 816 1687 20
827 1656 959 1688 manet
979 1650 1019 1687 in
1037 1646 1120 1702 e]o·
1229 1649 1258 1671 ¹⁸
1272 1650 1380 1688 filioli
1399 1662 1479 1688 non
1500 1650 1705 1700 diligamus
1720 1657 1868 1690 tantum
1883 1653 2002 1700 uerba
2017 1659 2053 1691 et
2072 1652 2205 1702 lingua

828 1704 897 1742 sed
925 1716 1042 1754 opere
1083 1709 1122 1742 et
1146 1703 1305 1742 ueritate
1332 1705 1358 1725 ¹⁹
1373 1704 1412 1741 in
1437 1704 1513 1743 hoc
1536 1706 1809 1755 cognoscimus
1837 1706 2023 1755 quoniam
2051 1719 2100 1745 ex
2127 1708 2207 1746 ueri

830 1765 908 1797 tate
928 1702 1082 1866 sumu}
1101 1764 1139 1796 et
1158 1770 1287 1796 eoram
1314 1758 1400 1808 ipso
1427 1759 1676 1798 suadebimus
1702 1760 1811 1798 cordi
1836 1767 1969 1799 nostro
1989 1760 2018 1782 ²⁰
2029 1762 2207 1812 quonia*

826 1813 858 1851 si
877 1812 1037 1863 reprehe
1061 1812 1153 1851 ndat
1171 1824 1245 1851 nos
1264 1824 1333 1851 cor
1358 1819 1533 1851 nostrum
1558 1814 1681 1852 maior
1707 1820 1764 1852 est
1789 1813 1837 1853 ds
1863 1815 1980 1854 corde
2006 1822 2139 1854 nostro
2167 1823 2205 1855 et

534 1905 557 1937 l.
577 1912 627 1938 10.
650 1908 741 1938 erat:
766 1904 910 1937 correxit
924 1903 973 1936 W.
1176 1909 1226 1945 17.
1251 1903 1357 1936 fratib-
1371 1916 1378 1937 :
1402 1914 1418 1935 r
1430 1909 1531 1946 super
1543 1909 1557 1937 t
1564 1905 1682 1947 posuit
1695 1906 1744 1938 lc‘.
1945 1916 1996 1939 20.
2020 1907 2140 1941 uerba:
2162 1909 2305 1941 correxit
2319 1908 2361 1941 h*
2378 1910 2438 1942 uel
2446 1909 2496 1943 h⁸.

501 2030 613 2069 Folio
637 2034 712 2070 118
734 2042 839 2068 uerso
1178 2042 1429 2070 APOCALYPSIS
1457 2044 1644 2071 IOHANNIS
1672 2044 1860 2072 APOSTOLI

835 2131 850 2155 1
884 2116 894 2137 ¹
912 2117 1159 2168 Apocalypsis
1185 2118 1251 2157 z'h'u
1273 2119 1355 2171 xfiz'
1377 2133 1488 2170 quam
1516 2121 1615 2158 dedit
1636 2121 1700 2158 illi
1723 2121 1767 2159 ds
1787 2122 1918 2171 palam
1943 2120 2097 2177 [facere
2114 2135 2175 2160 ser

830 2173 889 2211 uis
908 2173 985 2211 suis
1001 2184 1100 2223 quae
1120 2180 1272 2223 oportet
1291 2174 1371 2213 fieri
1391 2175 1431 2212 in
1450 2176 1571 2213 brebi·
1738 2182 1775 2213 et
1795 2176 1943 2226 signific
1965 2177 2043 2214 auit
2062 2189 2122 2215 ser

828 2226 957 2264 banda
994 2239 1064 2276 per
1103 2228 1284 2277 angelum
1323 2240 1409 2266 sum
1447 2241 1560 2267 seruo
1596 2241 1668 2268 suo
1705 2229 1856 2268 ioannis
1892 2230 1943 2280 ²q
1967 2231 2005 2268 ui
2051 2230 2185 2281 praedi

827 2281 928 2319 cauit
965 2281 1128 2319 uerbum
1167 2281 1208 2319 di
1245 2289 1283 2320 et
1321 2283 1587 2321 testimonium
1625 2284 1691 2321 ihu
1727 2284 1795 2334 xpi
1836 2296 1883 2323 ea
1919 2297 1945 2335 q
1967 2297 2039 2323 uae
2076 2285 2172 2324 uidit

827 2334 963 2373 ⁸Fe1ix
983 2335 1049 2385 qui
1068 2335 1161 2385 legit
1187 2343 1224 2374 et
1244 2337 1310 2386 qui
1336 2337 1442 2375 audit
1461 2338 1581 2375 uerba
1604 2337 1833 2387 prophetiae
1852 2345 1891 2377 et
1914 2350 1938 2388 q
1963 2339 2000 2376 ui
2021 2346 2148 2378 seruat

830 2400 877 2427 ea
909 2400 1010 2438 quae
1049 2389 1190 2439 scripta
1228 2397 1317 2428 sunt
1354 2392 1445 2441 quia
1483 2398 1637 2442 tempus
1674 2393 1753 2430 iam
1790 2392 1830 2430 in
1868 2405 1939 2443 pro
1961 2393 2068 2431 ximo
2100 2400 2158 2431 est

829 2442 1023 2481 ⁴10hanes
1058 2449 1206 2492 septem
1243 2444 1379 2483 eclesis
1417 2457 1517 2495 quae
1551 2451 1642 2483 sunt
1678 2446 1719 2483 in
1756 2447 1836 2485 asia
1873 2459 1941 2496 gra
1964 2447 2014 2484 tia
2033 2447 2146 2485 uobis

828 2503 866 2535 et
894 2509 971 2547 pax
1000 2497 1050 2534 ab
1079 2509 1128 2535 eo
1156 2498 1223 2548 qui
1251 2505 1309 2536 est
1337 2505 1375 2536 et
1407 2499 1473 2548 qui
1504 2498 1574 2537 suit
1607 2506 1646 2538 et
1679 2500 1746 2550 qui
1775 2506 1938 2539 uenturu
1960 2513 1978 2539 s
1998 2507 2056 2539 est
2074 2508 2112 2539 et
2130 2514 2153 2540 a
2173 2512 2241 2552 sep

828 2557 908 2589 tem
947 2550 1138 2601 spiritibus
1180 2558 1218 2589 et
1263 2564 1363 2602 quae
1410 2554 1449 2590 in
1497 2561 1709 2603 conspectu
1756 2554 1858 2593 troni
1905 2555 1938 2592 ei
1960 2567 2007 2593 us
2045 2562 2132 2593 sunt

779 2606 895 2644 10⁶et
931 2606 982 2643 ab
1014 2605 1080 2642 ihu
1110 2608 1191 2655 xpo
1224 2607 1291 2656 qui
1324 2612 1381 2645 est
1418 2607 1525 2645 testis
1563 2607 1686 2646 fidelis
1718 2609 2018 2659 primogenitus
2048 2615 2174 2648 mortu

831 2671 945 2698 orum
1109 2666 1147 2698 et
1184 2661 1393 2710 imperator
1411 2674 1546 2711 regum
1566 2668 1688 2700 terrae
1852 2670 1889 2701 et
1908 2675 1933 2713 q
1956 2664 1994 2700 ui
2013 2663 2146 2702 dilexit

833 2725 907 2752 nos
952 2720 990 2752 et
1035 2713 1148 2752 soluit
1192 2726 1265 2753 nos
1303 2728 1326 2754 a
1361 2716 1529 2765 peccatis
1576 2717 1719 2755 nostris
1763 2718 1927 2768 sanguin
1951 2730 1972 2755 e
1992 2729 2063 2756 suo
2083 2718 2204 2756 “etse

826 2768 877 2806 cit
927 2779 1091 2817 regnum
1146 2775 1322 2807 nostrum
1369 2770 1588 2808 sacerdotes
1642 2770 1695 2809 do
1753 2778 1791 2809 et
1846 2778 1930 2822 patr
1952 2772 1964 2809 i
1983 2771 2054 2821 ipsi
2074 2771 2134 2810 cla

829 2822 920 2860 ritas
952 2829 989 2859 et
1023 2828 1191 2871 potestas
1222 2823 1262 2860 in
1294 2824 1423 2862 secula
1455 2824 1687 2862 seculorum·
1905 2837 1927 2863 a
1948 2837 2039 2864 men

827 2875 957 2914 ⁷Ecce
986 2876 1091 2913 uenit
1129 2888 1217 2915 cum
1248 2878 1416 2917 nubibus
1454 2885 1491 2917 et
1519 2879 1664 2916 uidebit
1697 2890 1787 2917 eum
1822 2879 1970 2918 omnis
2008 2878 2145 2917 oculus

828 2935 866 2966 et
905 2930 970 2978 qui
1008 2941 1097 2968 eum
1135 2931 1376 2970 confixerunt
1413 2939 1451 2970 et
1489 2932 1675 2971 uidebunt
1712 2944 1804 2971 eum
1841 2940 1924 2972 omn
1946 2945 1988 2972 es
2024 2932 2145 2971 tribus
