2820 3334
254 232 332 259 X1v.
351 223 485 268 67-xv.
507 215 578 271 36-]
635 215 680 254 E
683 215 811 255 UAN
810 215 959 255 GELI
959 216 1054 254 UM

255 307 339 338 1¹01.
356 308 435 339 187.

259 350 324 388 Set
343 355 496 399 petrum
516 348 636 388 calefa

256 404 422 442 cientem
442 415 482 441 se
505 403 698 453 aspicie‘s

256 459 307 496 ait
326 458 377 495 illi
396 466 433 496 et
452 465 494 495 tu
514 470 604 496 cum
624 457 690 495 ihu

257 525 425 551 nazoreo
444 524 529 550 eras

257 566 357 604 ⁶⁸Ad
376 566 436 604 ille
457 566 614 616 negauit
627 566 758 605 dicens

257 633 385 671 neque
406 621 486 659 scio
506 633 631 671 neque

258 676 352 714 noui
372 676 463 725 quid
483 675 587 713 dicas

257 729 308 768 Et
328 730 416 767 exiit
436 730 538 768 foras
558 736 595 768 et
614 729 678 779 gal

258 785 319 823 lus
341 785 508 822 cantauit

258 838 439 876 ⁶⁹1terum
460 846 589 876 autem
610 850 700 877 cum

258 893 424 931 audisset
442 894 549 931 illum
568 906 619 931 an

259 948 346 986 cilla
366 949 492 997 coepit
512 948 636 986 dicere

259 1002 499 1040 adstantibus
519 1002 608 1052 quia
628 1008 665 1039 et

259 1056 321 1095 hic
342 1069 389 1094 ex
410 1057 480 1095 illis
499 1065 555 1094 est

259 1111 359 1149 ⁷⁰Ad
377 1111 436 1148 ille
455 1112 592 1149 iterum
612 1122 714 1160 nega

260 1166 315 1203 uit
426 1173 462 1203 et
482 1172 570 1215 post
589 1177 663 1215 pus

259 1220 367 1257 illurn
386 1220 521 1257 iterum
541 1220 607 1269 qui

261 1273 465 1311 adstabant
484 1274 660 1311 dixerunt

259 1335 370 1378 petro
389 1341 480 1365 uere
499 1340 547 1365 ex
566 1328 637 1366 illis

259 1395 301 1420 es
393 1395 486 1421 nam
505 1382 663 1432 galileus

259 1442 318 1475 est

260 1491 286 1512 ⁷¹
295 1490 361 1529 Ille
382 1498 513 1529 autem
533 1491 660 1541 coepit
679 1490 727 1529 de

260 1552 396 1583 uotare
415 1553 452 1583 et
472 1546 597 1583 iurare

261 1600 352 1650 quia
373 1612 454 1637 non
475 1601 567 1638 noui
585 1599 692 1638 homi

261 1687 366 1726 Nem
385 1688 501 1725 istum
522 1695 627 1738 que-

261 1742 383 1780 dicitis

261 1797 346 1834 ⁷²Et
367 1796 549 1835 continuo
568 1796 694 1834 iteru-

261 1851 386 1900 gallus
405 1851 572 1889 cantauit
591 1857 682 1888 tunc

261 1912 540 1943 rememoratus
560 1917 608 1954 pe

261 1967 343 1998 trus
362 1961 526 1997 uerbum
546 1959 655 2008 quod

261 2014 356 2052 dixit
375 2014 426 2052 illi
445 2014 502 2051 ihs
522 2014 627 2063 prius
652 2020 758 2063 qua*

261 2068 386 2118 gallus
407 2074 532 2106 cantet
552 2075 608 2105 ter

262 2134 325 2160 me
345 2123 503 2172 negabis
523 2129 560 2160 et
580 2134 651 2161 coe

261 2177 316 2227 pit
335 2177 428 2215 flere

261 2231 317 2269 15¹
337 2231 386 2269 Et
406 2230 607 2269 confestim
626 2242 741 2269 mane

261 2286 466 2324 consilium
484 2284 642 2324 feceru-

262 2340 404 2377 summi
423 2340 584 2377 sacerdo

260 2394 309 2431 tis
329 2406 418 2432 cum
439 2394 649 2432 senioribus

263 2454 301 2485 et
321 2448 452 2485 scribis
472 2454 509 2486 et
528 2449 664 2485 uniuer

263 2513 309 2539 so
330 2502 492 2539 concilio
512 2509 549 2539 et
568 2503 656 2539 uine

263 2562 347 2593 tum
366 2555 446 2592 ihm
466 2556 647 2593 duxeru-

263 2610 303 2647 in
323 2610 461 2647 atrium
481 2617 518 2647 et
536 2610 631 2647 tradi

265 2664 403 2702 derunt
423 2664 539 2713 pilato

263 2718 335 2756 2Εἰ
354 2718 603 2767 interrogauit
620 2725 701 2755 eu-

263 2773 402 2823 pilatus
423 2778 463 2809 tu
482 2784 523 2810 es
543 2785 610 2810 rex
630 2772 668 2809 iu

264 2827 427 2864 deorum

264 2880 329 2919 Ad
349 2881 408 2918 ille
428 2881 665 2930 respondens

266 2936 316 2972 ait
337 2942 377 2973 tu
398 2935 492 2974 dicis
512 2935 566 2973 8et
587 2947 683 2973 accu

793 348 938 386 Sabant
958 360 1048 385 eum
1069 359 1156 386 sum

792 403 844 440 mi
864 403 1072 441 sacerdotis
1092 402 1215 440 multa

791 457 956 495 4Pilatus
976 464 1105 495 autern
1123 457 1221 494 inter

791 513 943 562 rogauit
961 523 1053 549 eum
1072 512 1209 549 iterum

793 566 925 604 dicens
945 578 1024 604 non
1044 578 1186 615 respon

792 621 861 658 des
880 620 1088 670 quicquam
1109 620 1199 657 uide

793 682 939 725 quanta
958 681 995 712 te
1015 680 1200 712 accusant

792 728 879 767 ‘’Ihs
900 735 1028 766 autem
1045 728 1137 765 nihil
1151 735 1293 779 respo-

793 784 847 822 dit
865 783 917 821 ita
937 790 977 821 ut
995 784 1194 821 miraretur

792 838 930 887 pilatus

791 892 884 930 6Ρεῑ
903 892 1005 930 diem
1024 899 1153 930 autern
1174 892 1281 930 sole-

793 959 883 984 nem
904 947 1050 985 solebat
1069 947 1124 984 eis
1144 947 1253 985 dimit

792 1008 870 1040 tere
890 1013 1012 1038 unum
1033 1002 1208 1039 uinctum

793 1067 1079 1106 quemcumque
1099 1056 1195 1106 petis

793 1117 879 1148 sent

793 1165 906 1202 '‘Erat
928 1171 1057 1202 autem
1078 1164 1143 1213 qui
1165 1164 1239 1202 dici

793 1220 907 1257 batur
925 1220 1087 1256 barabas
1108 1231 1197 1256 cum

794 1273 984 1311 seditiosis
1004 1273 1134 1311 clusus
1156 1273 1222 1323 qui

794 1327 833 1365 in
854 1327 1038 1366 seditione
1059 1327 1196 1366 fecerat

794 1382 1045 1420 homicidium

795 1437 866 1475 ⁸Et
886 1448 977 1475 curn
996 1435 1231 1475 ascendisset

795 1492 905 1530 turba
925 1492 1086 1540 rogabat
1106 1491 1203 1529 sicut

796 1558 934 1595 senper
952 1545 1115 1583 faciebat
1134 1545 1188 1582 eis

795 1600 958 1638 ⁹Pilatus
978 1606 1107 1638 autem
1126 1605 1268 1650 respo-

797 1686 906 1725 Dens
926 1687 997 1724 illis
1019 1687 1112 1725 dixit
1131 1687 1245 1725 uultis

797 1741 988 1780 dimittam
1008 1742 1121 1780 uobis
1139 1748 1257 1792 rege-

796 1796 1023 1833 iudaeorum

796 1850 824 1871 ¹⁰
834 1850 984 1889 Sciebat
997 1850 1100 1888 enim
1110 1849 1216 1899 quod
1231 1863 1299 1900 per

796 1905 983 1942 inuidiam
1003 1905 1218 1942 tradidera-

796 1971 886 1997 eum
906 1959 1088 2009 principis
1109 1971 1215 1997 sacer

797 2014 933 2052 dotum

795 2068 822 2089 ¹¹
831 2068 1016 2117 Principis
1036 2074 1167 2105 autem
1192 2079 1299 2106 sacer

795 2122 933 2160 dotum
952 2129 1219 2172 persuaserunt

796 2178 929 2215 turbae
949 2183 991 2214 ut
1011 2177 1135 2226 magis
1155 2177 1206 2214 ba

795 2232 917 2268 raban
937 2232 1104 2269 dicerent

796 2286 973 2324 “Pilatus
993 2292 1121 2323 autem
1141 2292 1285 2336 respo-

796 2339 893 2378 dens
913 2341 964 2378 ait
983 2340 1075 2389 quid
1094 2352 1187 2389 ergo

796 2394 913 2432 uultis
932 2393 1071 2433 faciam
1091 2395 1171 2444 regi

796 2448 997 2486 iudeorum

795 2502 893 2540 ¹³Ad
913 2503 964 2540 illi
984 2503 1297 2541 exclamauerunt

797 2556 965 2595 dicentes
984 2558 1088 2596 cruci
1107 2557 1184 2596 adfi

825 2623 846 2647 e
866 2623 957 2648 eum

798 2623 979 2703 1g⁴¹Pilatus
998 2677 1090 2714 ergo
1110 2665 1262 2704 dicebat

797 2718 853 2756 eis
873 2719 966 2768 quid
984 2720 1087 2756 enim
1107 2720 1207 2757 male

797 2772 885 2810 fecit

799 2826 863 2864 Ad
882 2826 934 2863 illi
953 2826 1171 2864 clamabant
1191 2839 1258 2865 cru

797 2881 832 2919 ci
853 2880 926 2930 fige
946 2893 1037 2919 eum

799 2935 978 2974 ¹⁵Pilatus
999 2942 1126 2974 autem
1146 2935 1286 2974 dimisit

1670 214 1782 254 SEC
1809 214 2081 254 MARCUM

1359 304 1440 335 1¹01.
1458 305 1539 334 188.

1360 348 1434 385 illis
1454 347 1638 385 barabam
1657 352 1694 384 et
1713 354 1771 386 tra

1361 401 1453 439 didit
1473 401 1553 438 ihm
1574 401 1733 451 flagellis
1753 414 1796 441 ce

1361 468 1448 494 sum
1469 462 1510 493 ut
1530 457 1631 493 cruci
1652 456 1766 505 figere

1360 518 1421 547 tur
1548 510 1712 548 ¹⁶militis
1731 522 1780 548 au

1360 570 1439 601 tem
1459 563 1650 602 duxerunt
1668 576 1758 602 eum

1361 618 1400 656 in
1421 619 1558 656 atrium
1578 619 1731 668 pretorii

1361 680 1398 711 et
1419 674 1643 711 conuocatis
1665 680 1786 711 totam

1361 728 1560 766 cohortem
1580 728 1649 765 ¹⁷et
1669 729 1786 766 uestie

1361 789 1448 820 runt
1467 794 1558 819 eum
1578 789 1773 832 purpura-

1361 844 1398 874 et
1417 837 1671 886 inposuerunt
1691 837 1725 874 ei
1746 837 1806 876 sac

1361 898 1441 929 tam
1462 891 1637 940 spineam
1657 903 1747 930 coro

1362 958 1453 984 nam
1473 946 1543 983 18et
1564 946 1783 984 salutabant

1362 1012 1452 1037 eum
1472 999 1570 1038 habe
1590 1013 1655 1038 rex
1676 1001 1792 1039 iudeo

1361 1067 1446 1092 rum
1466 1054 1538 1092 ¹⁹et
1558 1055 1808 1104 percutieba-

1362 1109 1470 1146 illum
1491 1109 1539 1147 de
1559 1110 1745 1147 arundine

1364 1164 1403 1201 in
1423 1170 1541 1213 caput
1560 1170 1597 1201 et
1616 1176 1789 1214 conspue

1364 1219 1458 1256 bant
1477 1218 1511 1255 ei
1531 1225 1568 1255 et
1588 1220 1786 1267 ponebant

1365 1285 1492 1322 genua
1512 1273 1725 1311 adorabant

1363 1339 1454 1364 eum

1364 1382 1391 1402 ²⁰
1399 1382 1448 1419 Et
1468 1388 1679 1431 postquam
1699 1381 1830 1419 deluse

1363 1443 1451 1473 runt
1471 1448 1561 1473 eum
1581 1442 1751 1474 exueru-

1364 1503 1455 1528 eum
1475 1503 1684 1541 purpuram
1704 1497 1740 1528 et

1363 1545 1568 1583 induerunt
1587 1546 1694 1583 illum
1716 1557 1784 1583 ues

1364 1600 1522 1638 timenta
1543 1613 1612 1639 sua
1632 1607 1667 1637 et
1687 1600 1790 1638 duxe

1367 1687 1475 1725 Runt
1494 1700 1585 1725 eum
1605 1694 1647 1726 ut
1666 1688 1771 1726 cruci

1366 1742 1525 1792 figerent

1365 1796 1391 1817 ²¹
1403 1797 1451 1834 Et
1469 1797 1762 1846 angariauerunt
1783 1809 1827 1847 sy

1366 1863 1523 1889 monem
1544 1853 1740 1900 cyrineum

1366 1911 1627 1943 transeuntem
1647 1906 1736 1942 ueni

1366 1966 1494 1997 entem
1515 1960 1561 1997 de
1581 1960 1711 1997 uillam
1731 1972 1782 2009 pa

1306 2042 1309 2045 >
1367 2020 1464 2051 trem
1484 2014 1679 2051 alexandri
1699 2021 1741 2052 ut

1366 2069 1512 2106 tolleret
1532 2080 1685 2106 crucem
1704 2069 1786 2106 eius

1365 2122 1450 2160 ²²Et
1469 2122 1668 2160 adducunt
1686 2135 1776 2160 eum
1797 2122 1835 2160 in

1366 2177 1551 2227 golgotha
1570 2189 1661 2215 cum
1681 2177 1786 2227 quod

1365 2239 1422 2269 est
1441 2232 1726 2281 interpetratum

1367 2286 1556 2324 caluariae
1576 2286 1687 2324 locus
1706 2286 1778 2324 23et

1367 2341 1553 2379 dederunt
1572 2341 1606 2378 ei
1625 2341 1753 2378 bibere

1367 2402 1579 2433 murratum
1599 2395 1734 2432 uinum

1366 2455 1403 2487 et
1424 2462 1504 2488 non
1525 2450 1674 2499 adcepit

1366 2504 1450 2541 2⁴¹Et
1470 2504 1572 2542 cruci
1593 2504 1757 2542 fixerunt
1777 2510 1854 2541 eu-

1367 2565 1403 2596 et
1423 2558 1633 2596 diuiserunt
1652 2571 1721 2596 ues

1365 2613 1523 2650 timenta
1541 2612 1622 2650 eius
1642 2613 1778 2650 mitte*

1367 2673 1423 2704 tes
1444 2674 1586 2703 sortem

1367 2720 1493 2757 ²⁵Erat
1514 2727 1643 2757 autem
1663 2719 1756 2757 hora
1776 2719 1850 2757 diei

1367 2774 1474 2811 tertia
1493 2779 1530 2811 et
1549 2773 1720 2812 custodie

1367 2828 1459 2865 bant
1479 2839 1569 2864 eum

1368 2881 1454 2919 ²⁰Et
1474 2889 1553 2919 erat
1573 2881 1839 2930 superscribtio

1368 2936 1535 2974 criminis
1556 2936 1695 2974 scribta
1714 2948 1780 2973 rex

2343 227 2393 266 95

1896 346 2109 386 Iudeorum

1898 401 1925 423 ²⁷
1934 401 1981 438 Et
2001 414 2092 439 cum
2111 414 2159 440 eo
2179 403 2281 440 cruci
2302 403 2376 442 fixe

1897 463 1987 493 runt
2006 456 2085 494 duo
2105 457 2272 495 latrones

1898 522 2023 547 unum
2043 511 2092 548 ad
2113 511 2288 549 dextram

1897 571 1933 601 et
1953 564 2069 602 alium
2089 565 2139 603 ad
2159 566 2337 604 sinistra-⁶

1897 618 1925 639 ²⁸
1934 625 1970 656 et
1990 619 2184 669 adinpleta
2203 627 2261 659 est
2281 621 2380 672 scrip

1897 679 1982 711 tura
2038 686 2138 723 quae
2159 675 2248 713 dicit

1953 736 1991 766 et
2009 741 2100 767 curn
2120 729 2259 778 iniquis

1953 782 2158 833 deputatus
2177 790 2232 822 est

1897 836 1982 875 ²⁹Et
2003 844 2260 887 pretereuntes
2280 837 2365 877 blas

1898 891 2139 941 phemabant
2158 904 2248 929 eum
2268 904 2335 931 mo

1899 953 2035 984 uentes
2055 947 2179 996 capita
2200 959 2270 985 sua
2289 954 2326 985 et

1901 1001 2083 1039 dicentes·
2105 1013 2166 1039 ua·
2188 1002 2254 1051 qui
2274 1001 2343 1040 des

1899 1061 2001 1093 trues
2020 1056 2207 1105 templum
2227 1063 2263 1094 et

1899 1110 2122 1148 reaedificas
2142 1111 2235 1148 illud
2254 1110 2293 1147 in

1899 1164 2018 1202 tribus
2038 1164 2173 1202 diebus
2192 1165 2380 1202 ⁸⁰sa1uum

1900 1225 1936 1256 te
1958 1218 2018 1257 fac
2040 1226 2077 1256 et
2098 1219 2288 1257 descende
2309 1219 2356 1256 de

1902 1285 2014 1311 cruce
2033 1273 2061 1293 ⁸¹
2069 1279 2105 1311 et
2125 1274 2306 1324 principis
2326 1286 2370 1312 sa

1901 1327 2103 1366 cerdotum
2123 1328 2272 1366 inriden

1901 1388 1958 1420 tes
1978 1381 2027 1419 ad
2048 1383 2270 1420 alterutrum

1902 1448 1993 1474 curn
2013 1437 2144 1475 scribis
2165 1437 2330 1474 diceba*

1902 1491 1998 1529 alios
2018 1491 2149 1530 saluus
2169 1491 2256 1529 fecit
2276 1503 2316 1529 se

1901 1545 2030 1595 ipsum
2050 1546 2201 1583 saluum
2221 1546 2303 1584 face

1901 1612 1941 1638 re
1962 1613 2042 1638 non
2066 1607 2192 1650 potest
2210 1600 2317 1650 ³2xps
2337 1612 2402 1638 rex

1902 1688 2056 1726 istrahel
2077 1688 2288 1727 descendat

1902 1754 2006 1781 nunc
2026 1743 2073 1780 de
2094 1755 2204 1781 cruce
2224 1749 2266 1780 ut
2286 1743 2325 1780 ui

1902 1797 2064 1835 deamus
2084 1804 2121 1835 et
2141 1797 2345 1835 credamus

1902 1852 1936 1889 ei
2064 1859 2101 1889 et
2120 1852 2186 1901 qui
2205 1851 2317 1890 simul

1901 1905 1966 1943 fixi
1986 1913 2091 1944 erant
2112 1918 2203 1943 curn
2222 1918 2269 1944 eo
2289 1911 2366 1944 co-

1902 1960 2146 1998 uiciabantur

1901 2013 1986 2052 8f‘Et
2006 2014 2104 2053 facta
2125 2015 2219 2053 hora
2238 2020 2346 2053 sexta
2367 2020 2402 2052 te

1901 2069 2041 2107 nebrae
2063 2069 2160 2107 facte
2180 2075 2269 2106 sunt
2290 2080 2335 2106 su

1901 2135 1970 2174 per
1989 2130 2109 2161 totam
2129 2130 2268 2161 terram
2287 2135 2333 2161 us

1902 2190 1978 2227 que
1998 2178 2037 2215 in
2057 2190 2166 2216 oram
2186 2189 2333 2215 nonam

1900 2232 1987 2270 3‘Et
2002 2244 2107 2270 nona
2122 2232 2217 2270 hora
2229 2232 2403 2270 exclama

1901 2287 1954 2324 uit
1975 2287 2032 2324 ihs
2051 2299 2148 2325 uoce
2167 2298 2311 2336 magna

1901 2340 1976 2379 heli
1996 2341 2070 2379 heli
2091 2340 2333 2390 lazapmatha

1901 2396 1941 2433 ni
1962 2395 2067 2446 quod
2087 2402 2144 2433 est
2164 2395 2369 2444 interpetra

1902 2457 1985 2488 turn
2004 2450 2051 2487 ds
2071 2461 2181 2487 meus
2201 2449 2247 2487 ds
2267 2460 2377 2486 meus

1901 2517 2020 2554 quare
2041 2516 2104 2541 me
2124 2503 2326 2552 dereliquis

1900 2560 1928 2596 ti
2019 2558 2092 2595 35et
2113 2557 2271 2607 quidam
2292 2557 2340 2594 de

1901 2612 2236 2651 circumstantibus
2256 2622 2306 2648 au

1901 2667 2048 2704 dientes
2069 2666 2248 2702 dicebant
2267 2664 2315 2702 he

1900 2720 1991 2757 liam
2011 2726 2127 2757 uocat
2146 2719 2215 2757 iste

1899 2774 1984 2811 36Et
2005 2774 2209 2812 adcurrens
2229 2785 2330 2811 unus
2349 2773 2388 2811 in

1900 2828 2019 2879 pleuit
2039 2828 2247 2878 spongiam
2267 2840 2335 2865 ace

2031 2892 2106 2913 eum

1900 2932 1940 2964 to
1960 2933 1996 2964 et
2016 2926 2195 2975 cirposuit
2217 2937 2312 2963 arun

1901 2981 1981 3019 dini
2000 2986 2036 3018 et
2056 2981 2173 3019 dabat
2190 2980 2225 3019 ei
2245 2985 2382 3030 potum
