2820 3334
430 213 478 252 52

427 290 511 322 1¹01.
528 292 605 323 101.

428 333 545 371 Fabri

427 387 513 425 ²⁸Et
533 388 584 426 ait
604 388 675 428 illis
694 390 825 439 utique
845 389 929 428 dice

427 442 476 480 tis
496 441 590 480 mihi
610 443 710 481 hanc
731 443 843 481 simili

425 495 601 534 tudinem
621 496 771 535 medice
792 509 841 535 cu

426 562 469 588 ra
488 556 525 587 te
545 550 672 599 ipsum
729 558 875 601 quanta

426 603 644 642 audiuimus
663 604 763 643 facta
784 618 830 644 ca

424 657 641 707 pharnaum
662 658 721 697 fac
741 666 780 697 et
798 659 860 698 hic

424 712 464 749 in
484 713 606 761 patria
626 719 692 750 tua

422 766 522 804 ²⁴Ait
541 773 671 804 autem
691 767 749 805 ihs
768 779 883 806 amen

424 832 541 858 amen
562 821 649 859 dico
667 821 781 860 uobis
800 822 907 872 quod

423 886 542 912 nemo
562 875 752 925 propheta
771 888 817 914 ae

422 934 559 978 ceptus
579 936 636 968 est
656 930 696 967 in
715 930 879 980 patriam

422 994 534 1020 suam

421 1035 504 1074 2⁸1n
523 1037 683 1075 ueritate
703 1036 792 1076 dico
811 1038 924 1077 uobis

419 1090 564 1128 multae
584 1091 722 1129 uiduae
742 1091 805 1129 fue

419 1151 507 1182 runt
526 1145 566 1182 in
590 1145 732 1183 strahel
751 1146 791 1183 in
811 1145 873 1184 die

418 1199 492 1237 bus
512 1199 634 1237 heliae
654 1200 811 1250 quando

419 1253 570 1291 clusum
589 1260 647 1291 est
666 1254 816 1292 caelum

418 1307 530 1345 annis
550 1308 671 1346 tribus
691 1314 728 1346 et
747 1320 840 1346 men

419 1362 526 1399 sibus
546 1372 614 1399 sex
669 1374 759 1400 cum
778 1363 839 1401 fac

416 1420 457 1453 ta
476 1421 534 1454 est
554 1415 665 1454 famis
684 1428 829 1466 magna

418 1481 534 1519 super
553 1482 712 1508 omnem
732 1478 789 1508 ter

417 1535 499 1561 ram
524 1522 552 1545 ²⁶
560 1531 597 1562 et
616 1525 667 1562 ad
685 1526 830 1563 nullam
849 1524 875 1563 il

416 1577 543 1616 larum
561 1578 703 1618 missus
721 1586 780 1618 est

417 1708 553 1748 Helias
571 1710 644 1748 nisi
666 1710 705 1748 in
725 1722 838 1762 sarep

414 1770 454 1801 ta
474 1764 621 1803 sidonie
641 1765 690 1803 ad
709 1766 825 1804 mulie

414 1829 497 1855 rem
517 1818 675 1857 uiduam

414 1872 502 1910 ”Et
522 1873 631 1911 multi
650 1873 791 1924 leprosi
810 1881 919 1914 erant

414 1926 455 1964 in
475 1927 612 1966 israhel
632 1929 704 1966 sub
723 1928 799 1977 heli

415 1992 485 2019 seo
505 1981 722 2031 prophetha
759 1989 796 2020 et

414 2047 534 2073 nemo
555 2047 690 2074 eorum
709 2043 805 2074 mu—

415 2089 527 2128 datus
547 2096 604 2128 est
624 2090 696 2128 nisi
715 2096 859 2129 nema*

415 2155 525 2192 syrus

415 2197 499 2235 28Εῑ
518 2197 652 2248 repleti
672 2204 761 2236 sunt
779 2211 917 2238 omnes

413 2252 454 2289 in
473 2263 673 2302 synagoga
692 2252 747 2291 ira
766 2252 862 2292 haec

413 2305 615 2344 audientes
634 2306 706 2344 ²⁰et
725 2318 830 2345 surre

412 2366 551 2398 xerunt
571 2367 609 2398 et
627 2361 797 2399 eicerunt

413 2414 520 2453 illum
540 2421 648 2454 extra
667 2415 781 2454 ciuita

411 2475 491 2506 tem
511 2476 549 2506 et
567 2470 761 2507 duxerunt

410 2522 518 2560 illum
537 2535 661 2574 usque
681 2524 731 2562 ad
751 2536 871 2575 super

412 2577 554 2615 cliuum
574 2578 716 2617 montis
735 2590 781 2616 su

412 2642 482 2680 per
501 2643 617 2681 quem
636 2633 771 2671 ciuitas
791 2633 831 2684 ip

411 2695 543 2722 sorum
563 2693 642 2723 erat
663 2687 777 2725 aedifi

412 2744 500 2776 cata
518 2745 559 2776 ut
580 2741 851 2789 precipitarent

412 2803 502 2830 eum
523 2792 639 2842 ³⁰ipse
659 2801 788 2831 autem
808 2807 877 2845 per

411 2846 584 2884 medium
603 2846 755 2885 illorum

411 2907 451 2938 et
469 2901 548 2939 ibat

414 2964 491 2993 Uul
505 2954 594 2994 ³·Et
608 2955 790 2994 descendit
805 2957 844 2994 in
870 2969 913 2994 ca

664 204 710 242 E
712 203 839 243 UAN
837 203 987 244 GELI
986 204 1082 244 UM
1101 204 1177 245 SE
1177 205 1212 245 C

965 335 1187 375 Pharnaum
1207 336 1394 376 ciuitate*

964 391 1124 440 galileae
1143 391 1272 442 ibique
1292 391 1345 430 do

964 445 1076 482 cebat
1095 444 1180 483 illos
1199 445 1370 484 sabbatis

964 497 995 519 ³²
1003 500 1208 548 stupebant
1227 506 1359 538 autem

965 563 1081 603 super
1101 553 1317 592 doctrinam

964 606 1046 644 eius
1066 607 1158 657 quia
1176 608 1216 646 in
1235 613 1388 658 potesta

962 665 1000 698 te
1020 668 1102 699 erat
1121 674 1250 700 sermo
1269 662 1353 700 eius

962 714 1048 752 ”Et
1068 722 1149 754 erat
1167 715 1289 754 homo
1311 717 1351 754 in
1370 729 1465 768 syna

962 780 1067 819 goga
1085 769 1233 808 habens
1253 770 1370 811 demo

962 823 1071 861 nium
1090 824 1319 864 inmundum

961 883 999 914 et
1019 877 1252 916 exclamauit
1270 892 1368 919 uoce

961 942 1106 980 magna
1125 932 1293 972 ³⁴dicens
1312 934 1405 985 quid

959 985 1073 1024 nobis
1094 992 1131 1024 et
1150 986 1218 1024 tibi
1237 988 1303 1026 ihu
1323 1001 1424 1027 nazo

959 1050 1076 1077 renae
1095 1041 1234 1078 uenisti
1253 1042 1374 1092 perde

959 1105 1001 1131 re
1024 1106 1097 1132 nos
1117 1095 1216 1142 scito
1236 1102 1273 1134 te
1293 1097 1379 1147 quis

959 1161 1001 1187 es
1021 1155 1063 1186 tu
1082 1161 1124 1187 es
1144 1156 1299 1189 sanctus
1319 1150 1360 1188 di

957 1202 1044 1241 8‘⁵Et
1061 1203 1275 1254 increpauit
1294 1205 1402 1243 illum

958 1257 1044 1296 dr‘hs
1065 1258 1196 1296 dicens
1215 1259 1336 1296 obmu

957 1318 1061 1350 tesce
1080 1318 1118 1350 et
1138 1312 1200 1350 exi
1220 1313 1271 1350 ab
1290 1313 1355 1352 illo

956 1372 995 1404 et
1013 1378 1104 1404 cum
1123 1367 1347 1416 proiecisset

955 1419 1063 1467 illum
1083 1420 1310 1459 demonium

955 1475 1047 1512 exiit
1065 1475 1116 1512 ab
1134 1474 1199 1513 illo
1218 1475 1387 1526 nihilque

956 1528 1063 1567 illum
1083 1529 1215 1567 nocuit

955 1582 1040 1621 ³⁶Et
1058 1583 1183 1622 factus
1202 1589 1260 1622 est
1279 1595 1401 1634 pauor
1419 1583 1458 1622 in

955 1711 1151 1752 Omnibus
1171 1718 1208 1751 et
1227 1713 1343 1752 conlo

954 1768 1171 1817 quebantur
1190 1767 1240 1806 ad
1258 1768 1413 1806 inuice*

954 1821 1125 1859 dicentes
1145 1822 1252 1872 quod
1272 1828 1330 1860 est
1349 1821 1423 1861 hoc

952 1876 1118 1913 uerbum
1138 1875 1246 1926 quod
1265 1875 1304 1914 in
1325 1888 1379 1926 po

952 1935 1090 1968 testate
1110 1935 1148 1967 et
1167 1930 1304 1968 uirtute
1324 1931 1365 1968 in

951 1990 1061 2034 perat
1081 1984 1277 2034 spiritibus
1295 1984 1432 2023 inmu-

953 2038 1011 2076 dis
1031 2044 1069 2076 et
1088 2045 1231 2076 exeunt
1287 2038 1360 2076 ³⁷et
1380 2038 1419 2076 di

951 2092 1182 2142 uulgabatur
1200 2093 1305 2131 fama
1325 2092 1373 2131 de

950 2146 1016 2184 illo
1036 2147 1075 2184 in
1096 2158 1255 2184 omnem
1274 2148 1394 2186 locu-

950 2201 1119 2249 regionis

950 2254 979 2276 ⁸⁸
988 2254 1158 2305 Surgens
1177 2260 1306 2293 autem
1326 2253 1374 2293 de
1394 2266 1438 2306 sy

952 2320 1108 2358 nagoga
1127 2309 1296 2347 introiuit
1316 2309 1354 2346 in

951 2362 1114 2401 domum
1133 2363 1293 2401 simonis
1313 2369 1351 2401 et

951 2416 1118 2454 andreae

952 2470 1095 2509 Socrus
1114 2476 1243 2508 autem
1263 2469 1363 2509 simo

950 2524 1011 2563 nis
1030 2525 1232 2563 tenebatur
1249 2536 1343 2575 mag

951 2579 1011 2617 nis
1030 2579 1200 2617 febribus
1237 2584 1274 2616 et
1294 2590 1391 2629 roga

951 2639 1093 2671 uerunt
1114 2632 1221 2671 illum
1241 2644 1314 2682 pro
1334 2645 1382 2671 ea

950 2687 1022 2726 ³⁹et
1042 2694 1149 2726 stans
1169 2699 1284 2736 super
1302 2686 1408 2726 illam

950 2742 1152 2792 imperauit
1171 2741 1266 2780 febri
1285 2748 1323 2779 et

950 2796 1096 2834 remisit
1115 2796 1220 2834 illam
1240 2802 1278 2834 et
1297 2807 1374 2834 con

950 2851 1060 2888 tinuo
1081 2861 1243 2900 surgens
1263 2849 1378 2888 minis

950 2905 1074 2942 trabat
1093 2905 1147 2942 eis

948 2957 1084 2996 ¹⁰Cum
1104 2964 1234 2996 autem
1253 2956 1311 2996 sol
1331 2957 1415 2996 occi

1948 206 2249 249 LUCANUM
2301 207 2371 263 [ιν.
2394 223 2497 249 22-v.
2521 226 2571 249 12.

1533 294 1616 325 1¹01.
1634 295 1718 325 102.

1533 336 1663 376 Disset
1701 348 1838 376 omnes
1858 337 1924 387 qui

1533 390 1729 429 habebant
1748 391 1922 429 infirmos

1532 445 1646 483 uariis
1665 445 1916 496 languoribus

1533 499 1724 537 ducebant
1742 511 1811 537 eos
1831 498 1879 537 ad
1899 498 1994 536 illu-

1532 552 1582 590 ad
1601 553 1661 591 ille
1680 553 1841 603 singulis
1859 564 1999 591 manus

1531 607 1725 657 inponens
1744 607 1902 646 curabat
1921 619 1990 646 eos

1697 671 1720 692 n

1531 703 1730 742 ⁴¹Exiebat
1749 711 1878 742 autem
1900 710 1937 741 et
1957 704 2005 743 de

1531 759 1664 796 monia
1683 758 1854 798 amultis
1873 761 1932 799 cla

1530 812 1676 850 mantia
1694 818 1732 851 et
1751 813 1917 853 dicentia

1530 871 1571 903 tu
1591 878 1632 904 es
1651 866 1748 905 filius
1768 867 1808 904 di
1828 875 1865 906 et
1884 869 1990 907 incre

1530 931 1628 969 pans
1647 932 1729 958 non
1750 921 1899 960 sinebat
1919 929 1957 960 et

1530 973 1636 1024 loqui
1657 974 1747 1024 quia
1767 976 1940 1015 sciebant

1530 1027 1611 1065 ihm
1630 1028 1759 1078 ipsum
1778 1042 1862 1068 esse
1883 1034 1979 1081 xpm

1529 1081 1667 1120 ⁴²facta
1688 1089 1817 1121 autern
1838 1084 1898 1123 die
1923 1097 2034 1135 egres

1530 1147 1594 1174 sus
1613 1136 1691 1175 ibat
1709 1137 1750 1175 in
1769 1138 1965 1177 desertum

1528 1189 1658 1228 locum

1528 1243 1579 1281 Et
1598 1245 1710 1283 turbe
1731 1246 1978 1295 requirebant

1529 1309 1619 1336 eum
1639 1305 1677 1336 et
1696 1307 1887 1338 uenerunt

1529 1364 1652 1402 usque
1672 1353 1722 1391 ad
1742 1354 1869 1403 ipsum
1889 1360 1928 1392 et

1529 1406 1752 1445 detinebant
1770 1407 1878 1446 illum

1528 1472 1577 1498 ne
1598 1461 1647 1498 ab
1665 1461 1757 1511 ipsis
1777 1462 1990 1501 discederet

1528 1514 1557 1535 ⁴³
1565 1514 1718 1561 Quibus
1731 1516 1813 1565 ipse
1828 1517 1880 1555 ait
1892 1517 1982 1567 quia
1994 1522 2032 1556 et

1528 1568 1611 1606 aliis
1630 1569 1847 1608 ciuitatibus
1866 1582 1968 1620 opor

1527 1628 1580 1660 tet
1600 1635 1662 1661 me
1682 1624 1946 1674 euangelizare

1528 1709 1711 1760 Regnum
1731 1710 1771 1748 di
1804 1711 1895 1763 quia

1525 1764 1615 1803 ideo
1634 1766 1775 1804 missus
1795 1778 1882 1804 sum
1918 1802 1920 1804 ,

1525 1819 1599 1857 “et
1619 1825 1701 1857 erat
1720 1819 1922 1870 predicans

1525 1872 1564 1910 in
1584 1874 1792 1924 synagogis
1810 1874 1970 1924 galileae

1529 1936 1624 1964 UIIII
1634 1934 1653 1966 5
1664 1927 1728 1965 ¹F
1724 1932 1846 1966 actum
1852 1933 1906 1966 est
1909 1933 2029 1967 autem

1525 1994 1615 2020 cum
1633 1983 1768 2020 turbae
1788 1983 1897 2021 inrue

1525 2042 1610 2073 rent
1630 2036 1671 2073 in
1693 2048 1783 2074 eum
1803 2043 1845 2074 ut
1864 2049 1915 2075 au

1526 2089 1651 2128 dirent
1670 2091 1833 2128 uerbum
1852 2090 1892 2128 di

1526 2150 1564 2181 et
1583 2144 1666 2194 ipse
1686 2145 1810 2183 stabat
1830 2156 1942 2184 secus

1526 2205 1707 2247 stagnum
1725 2211 1854 2248 genne

1526 2263 1588 2290 sar
1602 2251 1660 2290 ²et
1680 2252 1776 2291 uidit
1795 2253 1891 2291 duas
1910 2265 1962 2292 na

1526 2318 1594 2344 ues
1613 2312 1712 2345 stare
1733 2318 1844 2345 secus
1864 2314 1950 2357 stag

1524 2372 1618 2398 num
1638 2361 1847 2410 piscatores
1866 2373 1916 2399 au

1525 2421 1604 2452 tem
1623 2414 1903 2453 descenderant

1525 2474 1564 2507 et
1584 2468 1765 2507 lauabant
1783 2469 1878 2507 retia

1524 2521 1774 2561 ³Ascendens
1797 2529 1927 2561 autem
1947 2523 1987 2562 in

1524 2588 1643 2615 unam
1663 2588 1805 2614 nauem
1825 2588 1901 2627 que

1525 2637 1606 2670 erat
1625 2631 1785 2669 simonis
1804 2643 1901 2680 roga

1524 2685 1578 2723 uit
1598 2697 1689 2723 eum
1708 2692 1749 2723 ut
1769 2685 1926 2724 duceret

1525 2752 1547 2778 a
1567 2746 1667 2778 terra
1687 2739 1885 2790 aliquantu

1523 2793 1604 2832 lum
1624 2800 1662 2831 et
1682 2794 1824 2832 sedens
1845 2793 1898 2832 do

1523 2848 1634 2886 cebat
1654 2847 1701 2886 de
1721 2847 1900 2886 nauicula

1522 2903 1652 2941 turbas

1520 2955 1595 2994 ⁴Ut
1615 2955 1777 2995 cessauit
1796 2962 1926 2994 autem
1945 2953 1983 2992 lo

2070 335 2197 389 Loqui
2217 338 2310 377 dixit
2328 339 2379 378 ad
2397 340 2496 379 simo

2068 403 2160 430 nem
2179 392 2254 431 duc
2274 393 2312 431 in
2333 394 2452 432 altum

2069 452 2107 483 et
2125 445 2250 484 laxate
2270 448 2406 485 retiam
2426 460 2495 487 ues

2068 504 2167 537 tram
2187 500 2227 538 in
2245 508 2445 551 capturam

2069 552 2139 591 “Et
2156 555 2353 604 respondit
2372 556 2501 594 simon

2069 606 2165 644 dixit
2183 607 2237 645 illi
2257 616 2458 659 preceptor

2068 672 2138 710 per
2156 666 2279 699 totam
2298 669 2451 701 noctem

2069 714 2288 753 laborantes
2306 715 2399 754 nihil
2418 729 2463 754 ce

2068 768 2195 818 pimus
2214 769 2283 807 sed
2301 769 2341 806 in
2360 771 2481 809 uerbo

2068 829 2138 860 tuo
2157 822 2297 861 laxabo
2316 824 2452 861 retiam

2069 876 2140 914 ⁶Et
2160 889 2248 915 cum
2269 877 2344 916 hoc
2363 877 2512 915 fecisset

2068 931 2344 969 concluserunt
2362 931 2459 981 pisci

2067 996 2135 1022 um
2153 985 2437 1023 multitudinem

2067 1036 2272 1089 copiosam
2309 1051 2445 1089 rumpe

2067 1093 2207 1131 bantur
2226 1099 2356 1132 autem
2375 1093 2469 1131 retia

2067 1158 2202 1186 eorum
2238 1147 2298 1185 ''et
2317 1147 2518 1186 adnueru-

2067 1201 2182 1239 sociis
2201 1201 2266 1251 qui
2286 1208 2394 1240 erant
2414 1201 2463 1239 de
2481 1200 2557 1239 alia

2066 1255 2157 1292 naui
2176 1261 2217 1292 ut
2236 1256 2412 1293 uenirent
2431 1261 2469 1293 et

2066 1308 2293 1347 adiuuarent
2310 1321 2379 1348 eos
2399 1315 2436 1347 et

2065 1369 2256 1401 uenerunt
2275 1369 2312 1402 et
2330 1364 2434 1414 inple

2064 1417 2203 1455 berunt
2221 1418 2355 1455 ambas
2374 1418 2466 1456 naui

2064 1471 2170 1509 culas
2190 1471 2241 1509 ita
2259 1477 2301 1509 ut
2324 1483 2456 1522 merge

2064 1531 2196 1563 rentur

2065 1577 2179 1617 ⁸Hoc
2193 1578 2278 1617 uiso
2294 1578 2422 1617 simon
2438 1587 2569 1630 petrus

2064 1708 2236 1748 Procidit
2256 1709 2305 1748 ad
2323 1722 2451 1760 genua
2469 1710 2536 1750 ihu

2063 1763 2197 1802 dicens
2216 1765 2278 1802 exi
2297 1776 2320 1802 a
2340 1777 2402 1803 me
2423 1765 2499 1803 dfie

2063 1818 2153 1868 quia
2165 1817 2285 1856 homo
2299 1825 2481 1868 peccator
2491 1826 2570 1858 su·-

2064 1871 2229 1923 ⁹Stupor
2247 1873 2352 1910 enim
2371 1873 2540 1911 habebat

2064 1926 2170 1964 illum
2189 1933 2227 1964 et
2246 1938 2384 1965 omnes
2403 1927 2469 1976 qui

2064 1992 2155 2019 curn
2172 1980 2238 2018 illo
2257 1987 2367 2018 erant
2386 1981 2425 2018 in
2445 1983 2520 2031 cap'

2062 2040 2148 2072 tura
2168 2034 2331 2084 piscium
2387 2046 2507 2084 quam

2062 2095 2216 2140 ceperat
2235 2088 2442 2126 ¹⁰similiter
2461 2101 2511 2127 au

2062 2149 2143 2181 tem
2163 2143 2323 2181 iacobus
2343 2148 2381 2180 et
2400 2143 2519 2181 iohan

2062 2209 2131 2235 nes
2152 2197 2203 2234 fili
2223 2196 2379 2234 zebedei
2398 2197 2464 2246 qui

2061 2257 2170 2288 erant
2190 2250 2283 2289 socii
2303 2250 2464 2288 simonis

2061 2304 2113 2342 Et
2132 2305 2183 2342 ait
2202 2305 2252 2343 ad
2273 2305 2466 2342 simonem
2485 2304 2546 2343 ihs

2062 2358 2141 2396 noli
2160 2359 2292 2396 timere
2312 2371 2360 2396 ex
2381 2358 2455 2397 hoc

2061 2413 2139 2450 iam
2158 2413 2233 2451 eris
2252 2412 2421 2451 hominis
2440 2413 2480 2450 ui

2060 2467 2221 2505 uificans

2061 2520 2145 2558 uEt
2165 2519 2361 2559 subductis
2380 2532 2404 2558 a
2422 2526 2564 2559 terram

2061 2575 2249 2614 nauiculis
2268 2574 2409 2614 relictis
2429 2587 2497 2612 om

2061 2629 2173 2667 nibus
2192 2630 2312 2668 secuti
2332 2635 2421 2667 sunt
2440 2636 2522 2666 eu-

2061 2692 2090 2719 x
2108 2682 2199 2721 1²Et
2199 2684 2355 2734 factum
2374 2686 2429 2720 est
2443 2694 2525 2720 cum

2061 2744 2164 2776 esset
2183 2738 2222 2775 in
2243 2748 2320 2774 una
2338 2736 2453 2774 ciuita

2059 2792 2155 2829 tium
2175 2797 2213 2828 et
2232 2802 2323 2828 ecce
2343 2789 2400 2826 uir
2421 2788 2483 2838 ple

2059 2857 2133 2883 nus
2152 2845 2256 2894 lepra
2275 2850 2312 2881 et
2331 2842 2413 2892 ipse
2435 2854 2505 2892 pro

2058 2899 2191 2938 cidens
2210 2898 2248 2935 in
2270 2896 2403 2935 faciem
2424 2908 2468 2934 ro

2056 2953 2173 3003 gabat
2192 2963 2283 2990 eum
2301 2950 2432 2989 dicens
