2866 3346
510 224 560 260 26

508 310 590 341 1⁸01.
607 310 661 341 51.

509 353 795 392 Testimonium
814 352 924 403 perhi

508 407 589 446 buit
609 407 699 457 quia
718 407 907 458 propheta
926 407 966 445 in

509 474 579 500 sua
599 462 721 511 patria
740 461 930 500 honorem

507 528 590 553 non
609 515 724 553 habet

507 568 640 608 ⁴5Cum
652 581 745 618 ergo
758 569 864 607 uenit
879 569 918 606 in
931 568 1008 619 gali

508 623 610 662 leam
628 630 863 673 exceperunt
882 623 977 661 illu·

507 677 635 727 galilei
655 677 825 715 uniuersi
845 689 935 716 cum

507 731 695 769 uidissent
715 732 848 769 omnia
867 743 966 782 quae

507 785 598 824 fecit
616 785 869 824 iherosolimis
888 786 927 823 in

508 839 571 878 die
591 839 688 879 festo
707 846 744 878 et
763 840 835 890 ipsi
856 851 947 878 eum

508 900 666 932 uenerat
685 893 726 931 in
741 894 803 932 die
822 894 962 932 festum

507 949 536 970 ⁴⁶
549 947 666 986 Uenit
685 959 779 998 ergo
798 948 938 986 iterum
957 948 998 986 in

509 1001 700 1040 chanaam
720 1002 880 1050 galileae

508 1056 576 1094 ubi
595 1055 684 1094 fecit
702 1068 845 1106 aquam
864 1056 987 1094 uinu‘

507 1116 589 1148 erat
609 1116 737 1148 autem
756 1110 808 1147 ibi
829 1110 988 1160 queda-

508 1164 665 1213 regulus
684 1164 791 1202 cuius
810 1164 909 1202 filius

508 1218 773 1256 infirmabatur
791 1217 935 1268 caphar

509 1284 588 1310 nau
606 1272 635 1294 ⁴⁷
648 1271 709 1310 hic
729 1285 818 1311 cum
838 1272 949 1311 audis

508 1333 566 1365 set
585 1326 677 1376 quia
695 1326 755 1364 ihs
770 1326 928 1365 aduenit

509 1380 547 1418 A
565 1380 678 1418 iudea
698 1381 738 1418 in
758 1381 936 1430 galileam

509 1435 617 1473 uenit
636 1434 686 1472 ad
704 1446 793 1472 eum
814 1441 851 1473 et
870 1447 914 1473 ro

509 1489 628 1538 gabat
645 1500 736 1526 eum
756 1495 797 1527 ut
817 1489 960 1527 desce-

510 1543 617 1581 deret
636 1549 673 1581 et
692 1550 843 1581 sanaret
862 1542 889 1580 fi

509 1597 603 1635 lium
623 1597 706 1635 eius

510 1684 727 1734 Incipiebat
745 1685 850 1724 enim
869 1686 971 1723 mori

509 1739 538 1761 ⁴⁸
550 1738 658 1777 Dixit
670 1751 764 1789 ergo
778 1739 837 1778 ihs
851 1739 900 1778 ad
919 1751 1010 1778 eum

510 1793 583 1831 nisi
604 1793 715 1842 signa
733 1801 770 1832 et
791 1793 969 1844 prodigia

509 1847 678 1885 uideritis
699 1859 778 1886 non
798 1848 950 1886 creditis

510 1901 539 1923 ⁴⁹
552 1901 655 1940 Dicit
675 1903 724 1940 ad
742 1914 833 1940 eum
855 1902 1010 1952 regulus

511 1955 601 1994 dfiie
621 1956 802 1995 discende
821 1957 926 2007 prius

511 2021 630 2102 ἕοῗῗ
623 2021 689 2101 21¹?
692 2018 835 2103 {³133}ss
854 2023 953 2103 ἓξὲξ

897 2117 1015 2171 [filius

511 2178 600 2210 tuus
620 2171 716 2210 uiuit
734 2179 771 2210 et
791 2173 954 2211 credidit

511 2225 575 2264 ille
594 2225 713 2264 homo
733 2227 902 2264 sermoni

511 2291 630 2329 quem
651 2280 747 2318 dixit
767 2281 819 2318 illi
838 2280 897 2319 ihs
918 2287 956 2319 et

512 2334 604 2371 abiit

511 2387 632 2426 ⁶²Iam
646 2394 775 2426 autem
788 2388 1014 2427 descende-

860 2452 877 2474 1*

512 2491 549 2523 te
569 2497 617 2524 eo
636 2485 737 2524 serui
756 2497 898 2524 occure

511 2547 601 2577 runt
616 2539 650 2577 ei
666 2547 702 2578 et
718 2541 903 2579 nuntiaue

511 2601 599 2632 runt
618 2594 788 2632 dicentes
806 2595 899 2645 quia

513 2647 612 2685 filius
630 2649 712 2686 eius
733 2649 827 2686 uiuit

512 2701 542 2722 ⁵²
555 2701 811 2751 Interrogabit
830 2714 923 2752 ergo
943 2703 994 2741 ab

514 2754 555 2792 in
574 2767 651 2804 qua
669 2755 766 2794 hora
785 2757 921 2795 melius
938 2754 1013 2810 [eis

514 2808 647 2846 habuit

513 2861 564 2900 Et
584 2862 763 2900 dixerunt
782 2863 816 2901 ei
836 2864 925 2913 quia
944 2863 992 2903 he

513 2928 555 2955 re
574 2915 669 2954 hora
688 2917 851 2966 septima
869 2918 937 2956 reli

514 2971 597 3020 quit
614 2981 705 3008 eum
725 2970 839 3009 febris

512 3022 542 3046 ⁸³
556 3023 754 3074 Cognouit
770 3037 864 3075 ergo
883 3031 993 3075 pater

741 221 786 260 E
789 220 917 262 UAN
916 220 1062 262 GELI
1064 221 1159 261 ΠΜ
1187 220 1264 260 SE
1264 222 1299 262 C

1949 222 2093 263 IOHA
2099 223 2290 264 NNEM
2367 223 2435 279 [xv.
2455 239 2563 274 44-v.
2588 242 2604 265 2
2609 241 2640 275 5.

1533 323 1545 329 ν
1609 309 1692 342 13'01.
1707 310 1768 341 52.

1041 352 1147 399 Quia
1167 352 1260 391 dixit
1279 352 1314 390 ei
1334 352 1393 392 ihs
1412 352 1512 392 filius

1040 414 1128 445 tuus
1147 407 1241 444 uiuit
1260 413 1298 445 et
1316 407 1430 445 crede

1041 461 1096 499 dit
1116 461 1197 511 ipse
1218 466 1255 499 et
1271 461 1411 499 domus
1430 461 1513 500 eius

1041 521 1123 553 tota

1041 569 1071 591 ⁶⁴
1085 568 1175 607 Hoc
1189 569 1326 607 iterum
1338 569 1542 608 secundu-

1042 623 1196 673 signum
1217 623 1305 662 fecit
1324 623 1382 662 ihs
1402 636 1493 662 cum

1041 678 1211 716 uenisset
1231 690 1254 716 a
1272 678 1387 717 iudea
1407 678 1446 716 in

1041 731 1218 781 galileam

1043 795 1090 822 xl
1104 790 1123 822 5
1139 785 1151 806 ¹
1162 786 1260 824 Post
1270 785 1358 823 haec
1371 790 1455 824 erat
1465 786 1542 824 dies

1042 839 1160 878 festus
1180 840 1382 878 iudeorum

1041 900 1079 932 et
1099 895 1272 932 ascendit
1292 894 1351 932 ihs
1370 893 1476 932 ibero

1043 948 1192 986 solimis

1043 999 1057 1021 ²
1070 1001 1141 1040 Est
1159 1007 1288 1040 autem
1307 1001 1488 1040 iherosoli

1042 1057 1116 1093 mis
1135 1056 1175 1093 in
1194 1055 1371 1094 inferiore
1391 1068 1461 1105 par

1042 1115 1081 1148 te
1101 1110 1290 1148 natatoria
1312 1110 1464 1160 piscina

1043 1175 1119 1214 que
1134 1163 1268 1202 dicitur
1286 1163 1405 1202 hebre

1042 1218 1125 1256 icae
1144 1218 1320 1257 betzetha
1339 1218 1434 1269 quin

1044 1284 1119 1322 que
1138 1273 1307 1322 porticus
1326 1273 1474 1310 habens

1044 1326 1057 1347 ³
1073 1327 1111 1364 in
1131 1326 1191 1364 his
1210 1327 1456 1364 decunbebat

1042 1380 1248 1418 multitudo
1261 1380 1435 1430 langue-

1043 1435 1137 1472 tium
1161 1447 1366 1473 caecorum
1386 1435 1474 1473 clau

1043 1488 1182 1527 dorum
1203 1489 1398 1527 aridorum

1042 1543 1329 1593 expectantium
1349 1554 1473 1593 aquae

1043 1604 1179 1636 motus·

1042 1682 1231 1733 4Angelus
1251 1689 1382 1722 autem
1402 1683 1470 1723 des

1043 1738 1234 1777 cendebat
1249 1745 1287 1776 et
1306 1750 1424 1777 moue

1043 1793 1110 1830 bat
1129 1804 1272 1842 aquam
1291 1798 1328 1830 et
1349 1793 1499 1842 quicu—

1044 1858 1121 1896 que
1141 1847 1244 1896 prior
1264 1846 1466 1885 descendis

1045 1908 1102 1938 set
1121 1901 1161 1938 in
1183 1901 1369 1939 natatoria
1388 1913 1506 1939 sanus

1046 1955 1162 1992 fiebat
1182 1967 1205 1992 a
1230 1967 1484 2006 quacumque

1046 2010 1249 2047 tenebatur
1267 2009 1409 2047 infirmi

1046 2068 1124 2100 tate
1299 2063 1314 2084 ⁶
1329 2070 1410 2101 erat
1428 2070 1547 2102 aute*

1047 2117 1100 2155 ibi
1120 2116 1239 2155 homo
1254 2137 1262 2147 ·
1279 2129 1359 2155 xxx
1374 2138 1383 2148 ·
1396 2123 1435 2156 et
1453 2130 1502 2157 oc

1047 2178 1087 2209 to
1108 2183 1232 2209 annos
1252 2171 1400 2210 habens
1419 2172 1458 2210 in

1047 2225 1268 2263 infirmitate
1288 2237 1359 2263 sua

1046 2278 1060 2299 ⁶
1073 2279 1192 2317 Hunc
1212 2291 1301 2317 cum
1315 2279 1472 2318 uidisset
1486 2279 1546 2317 ihs

1046 2333 1239 2371 iacentem
1260 2345 1411 2382 cognos

1046 2399 1140 2425 cens
1159 2387 1249 2437 quia
1268 2387 1345 2424 iam
1365 2387 1445 2425 mul

1046 2446 1129 2479 tum
1150 2446 1303 2490 tempus
1321 2440 1474 2479 fecisset

1046 2495 1087 2533 in
1106 2494 1291 2545 languore
1311 2494 1363 2533 ait
1386 2495 1438 2533 illi

1045 2550 1104 2587 uis
1119 2560 1236 2587 sanus
1252 2548 1333 2586 fieri

1046 2603 1060 2625 ⁷
1073 2603 1123 2641 Et
1143 2602 1385 2652 respondens
1405 2603 1440 2640 ei
1459 2602 1525 2641 lan

1046 2669 1142 2707 gues
1158 2656 1233 2694 dfie
1253 2656 1452 2695 hominem

1047 2723 1129 2749 non
1149 2710 1275 2748 habeo
1294 2718 1335 2748 ut
1355 2723 1444 2749 cum

1046 2773 1154 2804 mota
1172 2764 1281 2803 fuen‘t
1300 2776 1445 2815 aquam

1046 2819 1172 2857 mittat
1190 2831 1254 2857 me
1272 2819 1312 2857 in
1332 2826 1423 2857 nata

1047 2874 1185 2911 toriam
1205 2873 1296 2911 dum
1318 2875 1433 2911 uenio

1047 2928 1152 2966 enim
1171 2939 1246 2977 ego
1265 2927 1361 2966 alius
1379 2934 1469 2966 ante

1610 352 1678 391 Me
1697 352 1897 392 descendit

1607 407 1621 429 ⁸
1634 406 1738 445 Dicit
1751 407 1786 445 ei
1802 407 1862 445 ihs
1876 420 1989 458 surge
2005 414 2042 447 et
2055 407 2108 447 tol

1608 460 1642 499 le
1662 467 1865 511 grauatum
1885 468 1994 500 tuum

1609 522 1647 553 et
1666 515 1823 554 ambula

1609 570 1622 590 ⁹
1636 569 1687 607 Et
1708 570 1835 607 statim
1851 581 1967 608 sanus
1987 569 2109 608 sactus

1610 630 1667 662 est
1687 623 1748 662 ille
1770 623 1890 662 homo
1909 630 1946 662 et
1965 636 2031 662 sur

1610 689 1707 728 gens
1727 678 1878 716 sublato
1898 685 2060 727 granato

1611 743 1682 770 suo
1694 732 1918 770 ambulabat
1973 739 2055 771 erat

1611 791 1740 824 autem
1760 787 1964 825 sabbatum
1983 787 2024 824 in

1610 839 1674 878 illa
1693 839 1754 878 die

1610 893 1638 916 ¹⁰
1650 893 1843 932 Dicebant
1857 906 1949 944 ergo
1968 893 2070 932 iudei

1610 947 1661 985 illi
1682 947 1748 998 qui
1767 954 1919 987 curatus
1939 948 2059 987 fuerat

1612 1002 1815 1040 sabbatum
1834 1009 1892 1040 est
1911 1015 1990 1042 non
2010 1003 2035 1040 li

1612 1062 1673 1094 cet
1692 1056 1759 1094 tibi
1779 1056 1913 1095 tollere
1932 1069 2002 1108 gra

1611 1116 1744 1148 uatum
1764 1116 1874 1149 tuum

1611 1163 1638 1185 11
1646 1163 1906 1214 Respondens
1914 1164 1968 1202 eis
1977 1164 2111 1203 dicens

1612 1218 1678 1268 qui
1699 1218 1786 1256 fecit
1805 1230 1868 1257 me
1888 1230 2025 1257 sanum

1611 1272 1674 1310 ille
1693 1272 1787 1309 mihi
1807 1273 1902 1311 dixit
1922 1273 2011 1311 tolle

1611 1327 1816 1376 grabatum
1837 1333 1946 1365 tuum
1966 1333 2003 1366 et

1612 1380 1770 1418 ambula

1581 1455 1583 1457 ·
1610 1433 1638 1455 ¹²
1650 1434 1988 1484 Interrogauerunt
2006 1442 2086 1473 eu-

1612 1488 1697 1538 quis
1717 1494 1773 1526 est
1792 1489 1853 1527 ille
1874 1489 1993 1527 homo
2013 1489 2080 1538 qui

1612 1542 1707 1580 dixit
1725 1542 1791 1580 tibi
1810 1542 1901 1581 tolle
1919 1554 2041 1592 graua

1612 1602 1695 1634 tum
1716 1603 1825 1635 tuum
1844 1603 1882 1636 et
1902 1596 2059 1635 ambula

1612 1683 1640 1705 ¹³
1653 1683 1693 1722 Is
1712 1691 1843 1722 autem
1863 1685 1928 1735 qui
1948 1691 2103 1723 sanatus

1613 1737 1737 1776 fuerat
1756 1750 1837 1776 non
1857 1740 2002 1778 sciebat

1613 1793 1700 1842 quis
1712 1799 1812 1831 esset
1921 1793 1980 1832 ihs
1992 1799 2114 1832 aute-

1613 1847 1821 1885 declinauit
1840 1859 1863 1885 a
1882 1848 1993 1886 turba

1612 1901 1817 1940 constituta
1835 1901 1875 1939 in
1894 1902 1982 1940 loco

1614 1955 1681 1993 illo

1613 2008 1642 2031 ¹⁴
1655 2009 1793 2047 Postea
1811 2009 1957 2047 inuenit
1977 2009 2085 2048 illum

1614 2063 1672 2101 ihs
1692 2063 1733 2101 in
1750 2063 1895 2113 templo
1915 2070 1952 2101 et
1970 2064 2066 2102 dixit

1615 2118 1665 2155 illi
1685 2129 1777 2156 ecce
1797 2129 1916 2155 sanus
1936 2119 2059 2156 factus

1614 2178 1671 2210 est
1690 2171 1767 2209 iam
1783 2171 1863 2210 noli
1883 2184 2004 2222 pecca

1615 2238 1655 2264 re
1675 2238 1725 2264 ne
1744 2226 1827 2276 quit
1846 2226 1914 2264 tibi
1933 2226 2099 2266 deterius

1613 2279 1814 2329 contingat

1614 2333 1749 2371 ¹⁵Abiit
1768 2333 1828 2371 ille
1848 2332 1968 2372 homo
1987 2341 2024 2372 et
2043 2334 2092 2373 ad

1613 2388 1801 2425 nuntiauit
1820 2387 1940 2425 iudeis

1613 2442 1704 2491 quia
1722 2441 1781 2479 ihs
1800 2448 1858 2479 est
1876 2442 1942 2491 qui
1961 2441 2050 2480 fecit

1613 2507 1676 2533 me
1697 2507 1836 2533 sanum
1946 2494 1973 2516 ²⁶
1986 2507 2085 2547 prop

1614 2556 1718 2588 terea
1737 2549 1836 2587 iudei
1856 2561 2045 2600 perseque

1614 2603 1753 2641 bantur
1772 2603 1853 2641 ihm
1910 2604 2000 2653 quia

1614 2656 1709 2695 haee
1729 2656 1894 2696 faciebat
1912 2658 1952 2695 in
1970 2658 2040 2696 sab

1614 2712 1705 2749 bato

1614 2765 1641 2786 ¹⁷
1650 2765 1716 2803 Ihs
1729 2771 1859 2804 autem
1870 2765 2112 2815 respondens

1615 2819 1748 2858 dicens
1766 2827 1875 2869 pater
1894 2831 2003 2858 meus

1614 2885 1738 2924 usque
1758 2873 1876 2912 modo
1895 2880 2075 2924 operatur

1614 2933 1652 2966 et
1671 2939 1747 2978 ego
1765 2939 1906 2978 operor

2139 353 2170 377 ¹⁸
2183 355 2391 405 Propterea
2409 368 2502 407 ergo
2521 368 2586 395 ma

2142 410 2202 459 gis
2221 411 2432 460 querebant
2451 411 2578 450 iudaei

2142 464 2354 503 interficere
2374 477 2464 503 eum

2143 518 2234 567 quia
2253 530 2334 556 non
2353 518 2479 557 solum
2499 519 2558 558 sol

2142 572 2258 610 uebat
2277 573 2478 611 sabbatum
2498 573 2568 612 sed

2143 631 2180 663 et
2200 632 2348 675 patrem
2368 639 2480 665 suum
2501 627 2587 666 dice

2143 680 2210 717 bat
2228 679 2297 717 dm
2316 681 2495 730 equalem
2514 693 2555 720 se

2142 732 2259 772 facies
2277 733 2332 772 do

2143 786 2171 808 ²⁹
2180 786 2397 837 Respondit
2408 788 2467 826 ihs
2479 788 2574 828 dixit
2585 790 2640 828 eis

2143 853 2258 880 amen
2278 854 2391 880 amen
2412 842 2498 881 dico
2518 855 2571 881 uo

2143 896 2202 933 bis
2222 902 2449 946 nonpotest
2468 896 2568 935 filius

2143 962 2167 988 a
2187 961 2228 988 se
2249 950 2372 988 facere
2393 951 2590 1001 quicqua*

2144 1004 2216 1042 nisi
2236 1005 2342 1054 quod
2361 1005 2499 1044 uiderit
2517 1017 2569 1056 pa

2144 1064 2243 1096 trem
2262 1057 2467 1097 facientem

2145 1124 2393 1163 quecumque
2412 1114 2516 1151 enim
2535 1113 2562 1151 il

2146 1167 2180 1204 le
2200 1167 2329 1205 fecerit
2347 1167 2485 1205 eadem
2505 1174 2544 1206 et

2145 1220 2244 1259 filius
2262 1220 2352 1259 facit
2372 1221 2543 1260 similiter

2144 1274 2175 1297 ²⁰
2186 1281 2295 1324 pater
2312 1275 2416 1313 enim
2437 1275 2557 1325 diligit
2575 1276 2602 1313 fi

2145 1328 2239 1366 lium
2259 1335 2296 1366 et
2315 1330 2447 1367 omnia
2467 1329 2515 1367 de

2145 1389 2307 1421 mostrat
2325 1383 2359 1421 ei
2379 1395 2478 1433 quae
2497 1383 2581 1434 ipse

2145 1436 2235 1475 facit
2253 1443 2291 1475 et
2309 1438 2459 1476 maiora
2477 1437 2610 1476 horu*

2146 1490 2424 1530 demonstrauit
2442 1492 2499 1530 eis
2597 1536 2602 1540 ⁷

2147 1556 2268 1595 opera
2290 1552 2332 1583 ut
2350 1557 2422 1583 uos
2442 1545 2537 1584 mire

2147 1599 2243 1636 mini
2406 1599 2434 1622 ²¹
2447 1599 2644 1638 sicuteni-

2148 1684 2262 1724 Pater
2281 1685 2439 1725 suscitat
2458 1692 2587 1725 mortu

2149 1752 2195 1778 us
2214 1746 2251 1778 et
2270 1740 2439 1779 uiuificat
2458 1741 2511 1779 sic
2529 1747 2566 1779 et
2584 1740 2611 1779 fi

2147 1793 2220 1832 lius
2240 1806 2339 1845 quos
2357 1795 2423 1832 uul
2442 1795 2613 1833 uiuificat

2146 1847 2176 1869 ²²
2189 1848 2328 1899 Neque
2348 1849 2450 1887 enirn
2471 1856 2579 1899 pater
2597 1849 2637 1887 iu

2148 1901 2250 1941 dicat
2270 1915 2506 1953 quemquam
2527 1903 2596 1941 sed

2147 1956 2332 1994 iudicium
2352 1968 2469 1996 omne
2489 1956 2538 1995 de

2148 2010 2204 2048 dit
2223 2010 2302 2048 filio
2321 2009 2348 2031 ²³
2360 2018 2401 2048 ut
2421 2022 2560 2048 omnes
2579 2009 2631 2050 ho

2147 2064 2348 2103 norificent
2367 2064 2489 2102 filium
2509 2064 2540 2103 si

2149 2125 2213 2157 cut
2232 2118 2459 2157 honorificat
2478 2130 2531 2169 pa

2147 2179 2246 2210 trem

2149 2225 2229 2273 Qui
2247 2238 2328 2264 non
2347 2226 2576 2265 honorificat
2594 2238 2645 2278 pa

2147 2286 2244 2319 trem
2265 2292 2346 2318 non
2364 2280 2530 2319 honorifi

2148 2341 2208 2372 cat
2228 2334 2346 2372 filium
2367 2335 2433 2385 qui
2452 2334 2555 2374 misit
2574 2335 2600 2373 il

2146 2387 2228 2426 lum

2145 2442 2305 2480 ²⁴Amen
2326 2454 2440 2480 amen
2460 2442 2548 2481 dico
2568 2454 2620 2481 uo

2147 2496 2207 2534 bis
2227 2497 2414 2546 quoniam
2433 2497 2499 2546 qui
2518 2508 2588 2534 uer

2147 2551 2243 2588 bum
2263 2562 2394 2588 meum
2414 2551 2519 2590 audit
2538 2558 2576 2589 et

2148 2604 2267 2642 credit
2286 2605 2320 2642 ei
2341 2605 2408 2654 qui
2427 2617 2490 2643 me
2510 2605 2611 2644 misit

2147 2657 2264 2697 habet
2282 2659 2402 2696 uitam
2422 2666 2525 2696 aeter

2146 2724 2238 2750 nam
2258 2718 2296 2751 et
2315 2713 2354 2750 in
2372 2712 2513 2750 iudicio
2534 2718 2620 2751 no-

2147 2767 2277 2804 ueniet
2296 2766 2363 2804 sed
2383 2766 2537 2804 transiet

2146 2832 2170 2858 a
2190 2826 2313 2858 morte
2332 2820 2372 2857 in
2390 2820 2510 2857 uitam
2530 2831 2576 2858 ae

2147 2880 2295 2912 ternam

2146 2926 2307 2966 ²⁸⁵Amen
2319 2938 2433 2966 amen
2440 2926 2527 2966 dico
2535 2927 2646 2967 uobis
