2820 3334
480 215 529 254 74

477 293 562 324 ποι.
578 295 658 325 145.

475 336 527 375 Et
547 337 681 387 tetegit
700 349 789 375 eum
811 343 849 375 et

477 390 737 441 redintegrata
757 397 815 429 est

478 446 579 483 auris
599 446 681 484 eius
814 497 837 528 d

794 508 813 529 a

478 542 564 582 ⁶²Et
583 542 632 580 ad
652 555 720 581 eos
739 543 804 592 qui
820 554 860 580 se
879 553 979 581 uene

479 605 566 635 rant
586 597 680 635 dixit
699 597 757 634 ihs
777 596 900 646 princi

478 652 591 702 pibus
612 651 855 689 sacerdotum

478 712 517 744 et
535 705 822 755 magistratibus

478 760 611 810 templi
630 766 668 798 et
689 759 904 799 senioribus

477 814 589 864 quasi
608 814 658 852 ad
677 814 870 852 latronem

478 869 639 907 uenistis
659 880 748 906 cum
769 868 873 915 gladi

479 923 510 960 is
529 929 567 960 et
585 922 747 961 fustibus
765 922 890 960 ⁵³cum

478 977 633 1016 cottidie
653 977 857 1015 uobiscum

574 1041 608 1061 m

477 1074 583 1112 fuera
603 1074 643 1112 in
662 1074 808 1123 templo
828 1079 909 1113 no*

477 1128 700 1167 extendistis
719 1128 759 1165 in
779 1140 841 1166 me

477 1195 617 1221 manus
637 1182 706 1221 sed
724 1182 819 1221 haec
839 1182 910 1220 erit

475 1237 572 1276 hora
591 1243 720 1275 uestra
739 1244 776 1275 et
797 1243 909 1287 potes

476 1299 535 1330 tas
555 1293 801 1330 tenebrarum
830 1291 904 1329 ⁶¹et

477 1345 790 1396 conprehensum
809 1345 835 1382 il

477 1400 558 1438 lum
578 1400 771 1438 duxerunt
789 1400 830 1437 in

477 1455 637 1494 domum
657 1454 840 1504 principis

478 1508 724 1547 sacerdotum

477 1562 614 1601 Petrus
632 1575 727 1601 uero
747 1574 865 1612 seque

475 1618 587 1656 batur
605 1617 715 1655 illum
734 1629 757 1655 a
776 1616 843 1654 lon

475 1684 524 1722 ge
632 1670 839 1710 ⁶⁵accenso
859 1682 909 1709 au

477 1756 582 1794 Tem
600 1755 680 1806 igni
699 1755 739 1793 in
761 1756 888 1794 medio

475 1810 573 1848 atrio
610 1817 647 1848 et
668 1810 813 1849 circum

475 1864 696 1903 sedentibus
716 1864 798 1903 sedi

476 1920 532 1958 xit
568 1925 606 1957 et
626 1925 757 1969 petrus
776 1919 816 1956 in
835 1930 898 1957 me

477 1973 543 2011 dio
562 1985 698 2011 eorum

476 2026 641 2074 “Quem
660 2033 702 2065 ut
720 2027 814 2065 uidit
834 2027 936 2066 ancil

476 2081 555 2119 lam
575 2081 731 2120 sedente
751 2081 799 2118 ad
818 2081 857 2118 lu

477 2147 568 2173 men
589 2135 742 2173 intuens
762 2135 855 2173 illu-

478 2189 572 2228 dixit
592 2196 630 2227 et
648 2189 710 2227 hic
731 2189 779 2227 de
799 2190 854 2227 eis

476 2251 534 2282 est
553 2243 619 2294 qui
639 2255 728 2281 cum
748 2244 833 2294 ipso
853 2250 947 2282 era*

476 2310 615 2348 senper

474 2352 575 2390 ⁶⁷Ad
594 2351 656 2390 ille
676 2351 833 2401 negauit
853 2351 887 2389 ei
910 2351 949 2390 di

477 2419 570 2445 cens
589 2405 726 2444 mulier
745 2418 826 2444 non

477 2461 570 2499 noui
588 2460 697 2498 illum

475 2514 560 2553 ⁶⁸Et
579 2515 719 2553 iterum
738 2520 828 2564 post
848 2526 922 2564 pus

478 2570 584 2607 illum
605 2569 741 2607 uidens
760 2580 851 2606 eum

478 2623 574 2661 alius
593 2623 688 2661 dixit
703 2623 823 2660 homo

477 2683 515 2715 et
535 2684 575 2714 tu
595 2689 685 2715 cum
704 2677 769 2715 illo
789 2689 873 2715 eras

479 2743 631 2780 semper

478 2784 558 2831 Qui
579 2785 776 2833 respondit
797 2797 879 2823 non

479 2850 565 2876 sum
585 2849 660 2887 ego

475 2891 563 2930 ⁶⁹Et
582 2891 782 2929 interuallo
802 2891 903 2929 sacto

478 2946 595 2985 horae
615 2945 728 2984 unius
746 2945 843 2983 alius

477 3000 637 3052 quidam
656 2999 868 3039 contendes

711 203 1121 244 EUANGELIUM
1147 203 1259 244 SEC

1011 335 1121 374 Dixit
1139 347 1228 374 uere
1248 341 1286 374 et
1306 334 1368 374 hic

1011 402 1100 429 cum
1119 390 1185 429 illo
1205 395 1286 429 erat
1305 402 1398 429 nam

1011 454 1049 482 et
1068 444 1227 493 galileus
1246 450 1303 482 est

1012 498 1097 536 ⁶⁰Et
1116 499 1168 536 ait
1188 498 1316 548 petru's
1335 497 1455 537 homo

1011 553 1142 591 nescio
1161 553 1267 603 quod
1286 552 1393 591 dicas

1010 607 1061 645 Et
1081 608 1268 645 continuo
1288 607 1353 645 illo
1374 607 1413 645 10

1010 668 1154 713 quente
1174 661 1341 700 cantauit

1011 716 1133 767 gallus
1225 715 1251 736 ⁶¹
1259 722 1296 753 et
1316 721 1392 754 co-

1010 781 1144 808 uersus
1164 769 1236 808 dfis
1257 782 1368 819 respe

1011 825 1065 862 xit
1085 831 1236 874 petrum
1255 830 1293 861 et
1313 835 1419 861 reme

1010 885 1181 916 moratus
1201 884 1259 915 est
1278 884 1411 927 petrus

1010 933 1176 970 uerbum
1196 932 1263 970 dni
1284 932 1382 969 sicut

1011 986 1106 1024 dixit
1126 986 1177 1024 illi
1215 986 1321 1035 prius
1340 991 1446 1035 qua-

1012 1040 1137 1090 gallus
1156 1046 1285 1078 cantat
1303 1045 1361 1077 ter

1011 1107 1074 1132 me
1093 1094 1254 1144 negabis
1273 1093 1390 1132 hodie

1010 1149 1094 1186 ⁶³Et
1113 1149 1185 1186 uiri
1205 1149 1271 1198 qui
1289 1148 1473 1186 tenebant

1008 1203 1116 1241 illum
1136 1202 1380 1240 ⁶⁴uelaueru‘

1010 1270 1100 1296 eum
1131 1263 1168 1295 et
1188 1256 1428 1306 percutiebat

1009 1324 1100 1350 eum
1131 1318 1168 1349 et
1187 1311 1397 1349 inludeba-

1008 1378 1099 1404 eum
1119 1372 1156 1403 et
1175 1366 1370 1414 interroga

1009 1421 1103 1458 bant
1123 1431 1213 1457 eum
1233 1419 1404 1457 dicentes

1009 1473 1235 1525 prophetiza
1254 1473 1321 1524 qui
1342 1479 1378 1510 te

1009 1528 1197 1579 percussit
1227 1527 1298 1566 ⁶⁶et
1318 1526 1392 1565 alia

1009 1583 1132 1622 multa
1151 1581 1368 1633 blasphemi

1009 1762 1118 1795 antes
1139 1756 1319 1795 dicebant
1339 1753 1389 1793 ad

1009 1823 1100 1849 eum
1385 1805 1455 1861 [est
1471 1809 1515 1845 dz‘

1008 1874 1151 1902 Lxxzm
1185 1863 1277 1902 ⁶⁶Et
1311 1867 1354 1900 ut
1372 1863 1511 1913 sactus

1009 1931 1052 1957 es
1071 1918 1254 1958 conuenit
1272 1929 1385 1967 praes

1010 1973 1185 2012 biterium
1204 1972 1328 2022 plebis
1358 1977 1396 2010 et

1010 2028 1195 2078 principis
1215 2026 1377 2064 sacerdo

1010 2089 1094 2120 tum
1114 2087 1151 2120 et
1173 2081 1320 2119 scribae
1350 2086 1388 2118 et
1407 2079 1460 2117 du

1010 2143 1150 2174 xerunt
1168 2135 1275 2172 illum
1295 2135 1334 2172 in
1355 2140 1432 2172 co*

1011 2190 1141 2228 cilium
1161 2201 1272 2227 suum
1292 2195 1328 2226 et
1347 2188 1387 2226 in

1011 2244 1263 2294 terrogabant
1282 2255 1371 2280 eum

1012 2297 1216 2336 ⁶⁷dicentes
1237 2297 1268 2336 si
1287 2304 1328 2334 tu
1347 2308 1389 2334 es
1411 2299 1486 2345 xps

1012 2351 1074 2391 dic
1094 2352 1207 2389 nobis

1012 2406 1063 2444 Et
1083 2406 1134 2443 ait
1154 2405 1223 2442 illis
1243 2405 1273 2442 si
1292 2404 1405 2442 uobis
1425 2404 1463 2442 di

1011 2472 1107 2498 xero
1125 2472 1206 2498 non
1225 2458 1378 2497 creditis

1012 2514 1106 2551 mihi
1125 2513 1191 2552 ⁶²³si
1211 2513 1406 2562 interroga

1011 2580 1106 2606 uero
1126 2579 1197 2606 uos
1216 2578 1297 2605 non
1317 2578 1379 2604 res

1011 2622 1190 2673 pondetis
1210 2620 1303 2659 mihi
1322 2633 1412 2671 neq·

1011 2676 1208 2714 dimittetis

1011 2730 1105 2768 ⁶⁹Ex
1126 2731 1201 2768 hoc
1221 2735 1349 2767 autem
1368 2728 1436 2767 erit
1456 2728 1481 2766 fi

1009 2784 1081 2823 lius
1100 2784 1268 2823 hominis
1288 2783 1427 2822 sede-s

1010 2839 1060 2877 ad
1081 2839 1223 2877 dextris
1242 2838 1399 2875 uirtutes

1010 2893 1050 2931 di
1233 2891 1305 2930 ⁷⁰et
1325 2891 1413 2929 dixe

1010 2953 1097 2985 runt
1116 2958 1253 2985 omnes
1273 2958 1367 2995 ergo

1010 3008 1050 3038 tu
1071 3013 1112 3038 es
1133 3001 1232 3038 filius
1252 2999 1292 3036 di

1365 3107 1443 3133 xxu

1872 205 2167 246 LUCANUM
2221 204 2333 259 [xxn.
2355 220 2532 256 51—xxm.
2556 222 2606 255 15.

1580 292 1664 324 Fol.
1681 293 1763 322 146.

1580 335 1645 373 Ait
1665 341 1794 373 autem
1814 334 1886 373 illis
1905 347 1977 374 uos

1580 390 1702 428 dicitis
1721 389 1827 440 quod
1846 401 1920 439 ego
1941 395 2013 427 su-

1577 443 1606 464 ⁷¹
1615 443 1677 481 Ad
1696 443 1748 481 illi
1769 443 1947 481 dixerunt
1966 443 2060 494 quid

1578 498 1705 536 adhuc
1725 497 1987 535 desideramus

1578 551 1839 590 testimonium
1859 551 1932 601 ipsi

1578 606 1681 644 enim
1701 606 1919 643 audiuimus
1939 605 1987 644 de

1577 673 1644 699 ore
1663 660 1780 710 ipsius

1576 723 1615 752 23
1632 714 1703 752 1Et
1723 725 1884 763 surgens
1904 713 2032 752 omnis

1577 768 1784 806 multitudo
1803 767 1955 805 illorum

1577 823 1767 861 duxerunt
1787 822 1895 860 illum
1914 821 1965 860 ad

1578 877 1740 926 pilatum

1577 930 1823 980 2Coeperunt
1843 935 1971 967 autem
1991 929 2041 967 ad

1578 997 1713 1023 cusare
1732 985 1838 1022 illum
1859 984 1973 1022 dice·-

1577 1046 1634 1077 tes
1655 1038 1759 1077 hunc
1778 1039 1998 1076 inuenimus

1578 1094 1865 1131 subuertentem
1885 1098 1963 1142 ge-

1579 1155 1657 1186 tem
1677 1153 1851 1185 nostram
1871 1153 1908 1184 et
1928 1146 1986 1184 sol

1579 1208 1737 1239 uentem
1757 1201 1884 1250 legem
1903 1212 1976 1238 nos

1578 1262 1677 1293 tram
1714 1262 1752 1293 et
1771 1255 1981 1305 prophetas

1578 1316 1616 1348 et
1638 1309 1909 1359 prohibentem
1929 1309 1975 1346 tri

1579 1365 1712 1402 butam
1733 1363 1823 1401 dare
1843 1374 1956 1401 caesa

1578 1418 1610 1455 ri
1684 1417 1878 1455 dicentem
1898 1429 1940 1455 se

1578 1475 1673 1521 xpm
1694 1483 1776 1510 esse
1801 1483 1892 1521 rege

1579 1526 1743 1564 ³Pilatus
1763 1532 1893 1563 autem
1914 1525 2005 1563 audi

1577 1592 1646 1619 ens
1665 1579 1914 1629 interrogauit

1578 1755 1683 1793 Eum
1703 1754 1837 1793 dicens
1856 1760 1898 1792 tu

1577 1821 1619 1848 es
1639 1821 1706 1847 rex
1726 1809 1929 1847 iudeorum

1578 1863 1642 1901 Ad
1661 1863 1723 1901 ille
1742 1863 1957 1913 respondes

1577 1918 1630 1956 ait
1648 1924 1691 1956 tu
1710 1917 1806 1956 dicis

1576 1972 1664 2009 ⁴Ait
1684 1978 1815 2010 autem
1835 1970 1978 2021 pilatus

1578 2026 1627 2064 ad
1646 2025 1830 2076 principis
1850 2037 1959 2063 sacer

1578 2079 1714 2118 dotum
1735 2086 1772 2117 et
1793 2080 1924 2117 turbas

1578 2134 1671 2172 nihil
1690 2134 1848 2171 inuenio
1869 2145 1941 2171 cau

1578 2200 1622 2226 sa
1641 2188 1680 2225 in
1700 2187 1774 2226 hoc
1792 2187 1951 2226 homine

1578 2242 1662 2280 ⁵Ad
1681 2242 1733 2279 illi
1752 2241 2027 2279 inualesceba*

1578 2296 1749 2334 dicentes
1770 2307 1914 2334 conmo

1578 2356 1643 2388 uet
1664 2350 1854 2400 populum
1874 2349 1926 2388 do

1579 2416 1672 2442 cens
1691 2405 1731 2441 in
1750 2404 1930 2441 uniuersa

1578 2458 1693 2495 iudea
1726 2457 1914 2507 incipiens

1579 2525 1601 2550 a
1620 2511 1757 2561 galilea
1775 2523 1899 2562 usque
1918 2510 1993 2548 huc

1577 2566 1741 2604 ⁶Pilatus
1761 2572 1890 2603 autem
1909 2565 1999 2603 audi

1577 2632 1646 2658 ens
1665 2619 1843 2669 galileam
1862 2619 1962 2657 inter

1577 2675 1728 2724 rogauit
1747 2674 1778 2712 si
1798 2686 1821 2711 a
1838 2673 1975 2723 galilea

1576 2728 1695 2767 homo
1715 2734 1815 2766 esset

1575 2782 1646 2821 ⁷Et
1665 2789 1707 2820 ut
1727 2781 1833 2833 quod
1852 2781 2036 2831 cognouit

1577 2836 1683 2887 quod
1703 2836 1751 2874 de
1771 2835 1926 2874 herodis

1577 2896 1807 2941 potestatem
1826 2896 1883 2927 est
1902 2889 1956 2926 mi

1577 2945 1624 2983 sit
1643 2944 1750 2982 illum
1770 2943 1820 2982 ad
1840 2943 1933 2980 hero

1577 2998 1665 3037 dem
1685 2997 1776 3049 quia
1795 2997 1949 3035 hieroso

2112 336 2234 376 Limis
2253 343 2332 376 erat
2351 337 2423 376 illis
2441 336 2502 375 die

2111 391 2185 429 bus

2111 445 2305 484 ⁸Herodis
2325 452 2454 484 autem
2474 445 2513 483 ui

2112 510 2157 536 so
2177 499 2242 536 ihu
2262 499 2418 548 gauisus
2438 506 2496 538 est

2113 552 2225 591 ualde
2253 560 2334 591 erat
2352 554 2458 591 enim

2112 607 2271 656 cupiens
2290 607 2397 644 illum
2416 606 2505 646 uide

2111 673 2152 698 re
2171 672 2220 698 ex
2240 661 2360 699 multo
2378 668 2457 699 tem

2110 726 2207 764 pore
2255 726 2304 752 eo
2324 715 2429 764 quod
2447 727 2496 753 au

2113 768 2211 806 diret
2231 769 2350 806 multa
2370 768 2416 806 de
2436 769 2500 806 illo

2111 828 2148 860 et
2169 823 2348 872 sperabat
2369 823 2509 873 signu-

2112 875 2270 926 aliquod
2290 877 2420 914 uidere
2439 877 2490 914 ab
2509 888 2556 914 eo

2112 930 2194 969 fieri
2286 930 2448 968 ”interro

2111 985 2229 1034 gabat
2248 991 2379 1023 autem
2399 984 2506 1022 illum

2110 1038 2241 1077 multis
2260 1039 2503 1077 sermonibus

2111 1092 2161 1132 ad
2181 1093 2262 1143 ipse
2282 1093 2377 1131 nihil
2395 1092 2447 1130 illi
2467 1104 2528 1131 res

2111 1147 2311 1196 pondebat

2109 1201 2139 1223 ¹⁰
2149 1201 2308 1239 Stabant
2327 1205 2458 1239 autem
2477 1199 2565 1251 prin

2111 1255 2208 1305 cipis
2228 1255 2473 1293 sacerdotum

2111 1314 2149 1348 et
2168 1309 2316 1347 scribae
2337 1313 2502 1347 consta-

2111 1369 2170 1401 ter
2189 1369 2414 1401 accusantes
2433 1368 2512 1400 eu-

2111 1417 2139 1438 ¹¹
2149 1416 2301 1467 Spreuit
2321 1423 2451 1454 autem
2470 1416 2578 1455 illum

2111 1470 2276 1510 herodes
2296 1483 2386 1509 cum
2405 1482 2498 1508 exer

2112 1525 2250 1564 citibus
2271 1526 2349 1563 suis
2369 1531 2407 1562 et
2425 1524 2506 1562 inlu

2111 1580 2158 1618 sit
2176 1585 2215 1618 et
2235 1579 2413 1617 indutum
2432 1578 2528 1617 illu-

2113 1753 2274 1791 Uestem
2294 1752 2422 1792 albam
2440 1765 2482 1791 re

2112 1808 2214 1845 misit
2233 1807 2282 1845 ad
2302 1807 2462 1857 pilatum
2481 1806 2613 1849 ¹²tu‘c,

2113 1862 2241 1900 Amici
2259 1861 2350 1900 facti
2370 1869 2457 1900 sunt
2476 1861 2524 1899 he

2112 1916 2228 1954 rodes
2284 1923 2321 1953 et
2340 1916 2479 1965 pilatus

2112 1970 2196 2020 ipsa
2215 1970 2278 2008 die
2298 1982 2391 2007 nam
2410 1975 2500 2008 ante

2113 2024 2256 2067 inimici
2276 2023 2430 2061 fuerunt
2450 2023 2502 2062 ad

2112 2079 2280 2116 inuicem

2112 2132 2292 2171 ¹³Pilatus
2311 2138 2440 2169 autem
2460 2143 2536 2170 con

2416 2194 2428 2215 1

2110 2229 2259 2268 uocatis
2277 2228 2502 2278 principbus

2111 2283 2357 2322 sacerdotum
2376 2290 2413 2320 et
2433 2294 2474 2320 se

2110 2338 2283 2375 nioribus
2303 2335 2423 2386 plebis
2456 2335 2529 2373 1*di

2110 2391 2165 2429 xit
2184 2391 2234 2428 ad
2254 2390 2338 2428 illos
2358 2389 2549 2439 optulistis

2110 2445 2214 2483 hunc
2234 2444 2434 2482 hominem
2456 2443 2509 2481 mi

2110 2499 2150 2537 hi
2218 2499 2328 2549 quasi
2350 2504 2511 2536 auerten

2109 2560 2188 2591 tem
2208 2552 2397 2602 populum
2447 2559 2484 2590 et
2503 2563 2548 2589 ec

2110 2619 2155 2646 ce
2175 2619 2250 2657 ego
2270 2618 2403 2645 coram
2422 2606 2536 2644 uobis

2110 2662 2353 2710 interrogans
2373 2660 2440 2697 nul

2108 2715 2186 2753 lam
2206 2726 2363 2753 causam
2383 2714 2473 2750 inue

2112 2770 2178 2807 nio
2197 2769 2236 2806 in
2257 2768 2455 2805 hominem
2476 2767 2508 2804 is

2111 2830 2152 2861 to
2171 2835 2218 2860 ex
2238 2821 2296 2859 his
2316 2821 2364 2858 de
2384 2819 2521 2869 quibus

2110 2875 2304 2914 adcusatis
2323 2885 2411 2911 eurn
2431 2873 2535 2911 ¹⁵sed
2551 2904 2557 2910 .

2109 2940 2235 2978 neque
2255 2927 2392 2965 erodes

2110 2995 2202 3020 nam
2221 2981 2367 3020 remissi
2387 2992 2457 3019 uos
2477 2980 2526 3018 ad

2109 3037 2217 3074 illum
2285 3047 2374 3074 ecce
2395 3034 2487 3072 nihil
