2820 3334
462 210 516 246 80

460 294 545 325 1¹01.
561 295 639 327 157.

461 336 555 376 Lius
574 337 741 376 hominis
761 337 801 375 in
820 343 878 376 ter

460 404 503 430 ra
522 391 737 429 dimittendi
756 403 878 441 pecca

460 452 500 484 ta
519 446 572 484 ait
591 445 802 496 paralytico
820 444 848 466 ¹¹
858 444 923 482 tibi

460 499 548 538 dico
568 511 683 549 surge
704 499 795 537 tolle
814 510 883 548 gra

459 554 609 592 battum
628 560 738 590 tuum
757 559 795 591 et
814 564 863 590 ua

460 608 509 646 de
529 608 568 645 in
589 607 749 645 domum
770 613 876 645 tuam

459 661 488 683 ¹²
498 661 567 700 Ille
586 672 682 700 uero
702 673 863 711 surgens
883 667 941 699 sta

458 715 527 754 tim
548 715 700 754 sublato
717 716 895 765 grabatto

460 781 533 809 suo
554 781 688 808 coram
708 770 890 808 omnibus

459 824 551 863 abiit
570 825 621 862 ita
639 830 681 862 ut
700 823 918 862 admirare*

459 885 520 916 tur
539 889 677 916 omnes
697 883 733 915 et
754 877 860 916 hono

457 932 649 970 rificarent
667 931 736 969 dm
756 931 871 969 dice-

459 993 516 1024 tes
535 987 721 1036 quoniam
742 997 837 1023 num

459 1052 579 1090 quam
598 1039 719 1077 taliter
737 1039 905 1077 uidimus

458 1094 545 1132 ²3Et
564 1094 654 1132 exiit
674 1093 732 1131 ihs
752 1094 889 1131 iterum
908 1092 959 1132 ad

459 1160 565 1186 mare
585 1154 623 1186 et
643 1147 768 1186 omnis
791 1154 850 1185 tur

459 1203 532 1240 bae
551 1202 762 1240 ueniebant
782 1201 833 1240 ad
853 1206 931 1240 eu-

458 1263 497 1294 et
517 1256 682 1295 docebat
702 1268 771 1294 eos

458 1310 543 1349 141Εῑ
561 1322 650 1349 cum
671 1310 869 1360 preteriret
888 1309 928 1348 ui

458 1365 513 1403 dit
532 1365 715 1403 iacobum
734 1363 860 1414 alphei

459 1418 658 1457 sedentem
677 1418 727 1456 ad
747 1417 851 1456 thelo

459 1485 579 1511 neum
634 1479 672 1510 et
691 1473 744 1510 ait
763 1472 814 1510 illi
835 1484 876 1509 se

458 1538 577 1577 quere
596 1538 659 1565 me
679 1533 717 1565 et
736 1531 946 1576 exsurge-s

459 1587 613 1620 secutus
632 1587 690 1620 est
711 1593 801 1619 eum

463 1735 502 1764 ΠΙ
511 1722 754 1773 ¹⁶Etfaclum
766 1727 821 1761 est
829 1723 961 1760 discu-

459 1777 638 1816 bentibus
657 1777 728 1815 illis
746 1777 787 1814 in
806 1776 858 1815 do

458 1844 526 1870 mo
547 1832 630 1870 eius
649 1830 758 1869 multi
777 1830 884 1881 publi

460 1886 546 1924 cani
567 1892 605 1924 et
624 1893 849 1936 peccatores

460 1940 576 1978 simul
596 1941 870 1978 recunbeba-t

458 2006 548 2032 cum
569 1994 634 2032 ihu
683 2001 720 2032 et
741 1994 887 2043 discipu

458 2047 486 2086 li
505 2048 588 2086 eius
606 2054 714 2086 erant
733 2049 838 2085 enim

460 2101 570 2140 multi
589 2102 656 2152 qui
676 2108 712 2140 et
732 2101 852 2140 secuti

460 2161 570 2194 erant
589 2167 679 2193 eum

460 2209 653 2248 ¹⁶Scribae
673 2216 801 2247 autem
822 2216 860 2248 et
883 2209 961 2261 pha

461 2263 549 2303 risei
567 2263 745 2302 uiderunt
763 2263 853 2314 quia

459 2330 548 2357 cum
569 2317 784 2368 publicanis
803 2325 841 2356 et

459 2372 734 2423 peccatoribus
754 2383 847 2410 man

461 2426 577 2465 ducat
641 2432 680 2464 et
698 2425 863 2465 diceba-

461 2480 659 2530 discipulis
679 2481 760 2518 eius
779 2492 857 2530 qua

461 2547 503 2573 re
523 2546 613 2573 cum
632 2534 852 2585 publicanis

461 2595 499 2627 et
518 2589 789 2638 peccatoribus

463 2643 673 2681 manducat

463 2695 566 2733 ¹⁷Ihs
586 2703 714 2735 autem
732 2695 808 2735 hoc
829 2695 963 2736 audito

463 2748 559 2787 dixit
578 2762 657 2788 non
675 2756 792 2799 egent
811 2762 854 2789 sa

464 2803 505 2840 ni
523 2803 695 2841 medicus
715 2804 782 2842 sed
801 2805 868 2855 qui

465 2857 565 2895 male
585 2856 727 2895 habent
746 2869 826 2895 non

464 2911 570 2949 enirn
588 2922 727 2949 uocare
747 2912 836 2949 ueni

463 2965 584 3005 iustos
604 2964 670 3004 sed
690 2972 915 3015 peccatores

696 206 813 245 EUA
821 202 1111 245 NGELJUM
1133 204 1245 244 SEC

993 334 1078 372 18Εῐ
1097 340 1206 372 erant
1227 332 1402 384 discipuli
1422 333 1461 372 io

993 388 1131 427 hannis
1151 395 1188 426 et
1207 387 1373 438 pharisei

994 442 1208 481 ieiunantes
1227 448 1264 480 et
1285 442 1426 480 uenie-

993 502 1051 535 tes
1071 496 1249 535 dixerunt
1269 496 1322 534 illi
1342 508 1420 547 qua

992 562 1034 589 re
1054 550 1230 601 discipuli
1249 550 1425 589 iohannis

992 611 1030 643 et
1049 604 1213 654 pharisei
1232 604 1402 642 ieiunant

992 658 1282 697 ²⁹Aitillisetihs
1303 658 1493 709 numquid

992 718 1157 763 possunt
1176 713 1227 750 fili
1246 713 1378 763 sponsi
1399 713 1433 750 ie

993 768 1127 806 iunare
1146 767 1334 818 quamdiu
1355 772 1455 816 spo-

994 833 1059 859 sus
1079 832 1169 860 cum
1189 820 1260 859 illis
1279 827 1336 859 est
1355 819 1458 858 ²⁰sed

993 876 1150 913 uenient
1169 874 1249 912 dies
1269 886 1360 913 cum
1381 886 1430 912 au

994 928 1136 967 feretur
1155 929 1204 966 ab
1225 928 1280 967 eis
1301 940 1402 978 spon

994 995 1059 1021 sus
1078 989 1114 1021 et
1134 988 1226 1021 tunc
1246 983 1455 1020 ieiunabu-

994 1037 1034 1074 in
1054 1036 1118 1074 illa
1139 1036 1201 1074 die

992 1090 1020 1112 ²¹
1028 1089 1066 1128 N
1069 1102 1158 1129 emo
1178 1096 1308 1129 autem
1327 1090 1423 1128 adsu

992 1151 1168 1183 mentum
1189 1156 1337 1183 nouum

991 1199 1112 1250 panni
1133 1199 1257 1238 adsuit
1276 1199 1375 1237 uesti

993 1260 1128 1291 mento
1147 1253 1270 1292 ueteri
1290 1252 1365 1290 alio

994 1307 1088 1358 quin
1108 1308 1205 1345 tollit
1225 1307 1457 1357 suppleme-

992 1368 1076 1400 tum
1095 1373 1241 1399 nouum
1262 1374 1285 1399 a
1307 1368 1394 1399 uete

993 1417 1023 1453 ri
1043 1423 1081 1454 et
1099 1416 1224 1453 maior
1244 1416 1284 1453 fit
1305 1416 1379 1454 scis

993 1482 1083 1508 sura
1192 1469 1264 1507 ²²et
1285 1481 1402 1507 nemo

992 1524 1107 1563 mittit
1124 1524 1259 1561 uinum
1279 1535 1427 1562 nouum

992 1579 1032 1616 in
1052 1585 1156 1617 utres
1174 1578 1313 1617 ueteris
1333 1577 1407 1616 alio

994 1721 1103 1768 Quin
1122 1720 1327 1770 disrumpit
1346 1720 1385 1758 ui

994 1787 1090 1814 num
1109 1782 1212 1813 utres
1232 1782 1269 1813 et
1289 1774 1426 1812 uinum

995 1836 1032 1869 et
1051 1838 1156 1868 utres
1176 1830 1355 1879 peribunt

998 1893 1056 1921 UH
1071 1884 1100 1905 ²³
1107 1883 1151 1921 F
1147 1887 1269 1921 aclum
1288 1887 1343 1920 esl
1358 1886 1476 1920 autem

994 1938 1134 1976 iterum
1154 1950 1246 1976 eum
1265 1938 1387 1975 sabba

995 1993 1042 2031 tis
1062 1992 1224 2031 transire
1245 2003 1315 2042 per
1334 2003 1425 2041 sege

994 2053 1074 2085 tem
1094 2046 1270 2096 discipuli
1289 2057 1385 2084 uero

994 2101 1078 2139 eius
1097 2106 1310 2151 coeperunt
1328 2099 1392 2138 uel

993 2155 1071 2193 lere
1091 2155 1219 2205 spicas
1239 2161 1277 2193 et
1295 2166 1387 2192 man

995 2209 1135 2247 ducare

993 2263 1223 2301 ²⁴Pharisaei
1243 2268 1372 2301 autem
1391 2261 1476 2300 dice

994 2317 1061 2355 bat
1076 2317 1130 2355 eis
1178 2329 1269 2355 ecce
1289 2316 1384 2367 quid

995 2370 1138 2409 faciunt
1158 2371 1329 2409 sabbatis
1349 2369 1408 2407 dis

996 2425 1113 2475 cipuli
1134 2425 1186 2462 tui
1206 2424 1313 2475 quod
1333 2435 1413 2461 non

994 2478 1083 2517 licet
1100 2479 1156 2517 eis

994 2532 1081 2571 ²⁵Et
1100 2532 1196 2571 dixit
1214 2531 1287 2570 illis
1307 2543 1380 2570 nec
1399 2530 1476 2569 hoc

995 2586 1140 2637 legistis
1160 2586 1255 2637 quid
1274 2585 1354 2624 fece

995 2642 1042 2680 rit
1062 2641 1178 2680 dauid
1196 2652 1287 2679 cum
1309 2652 1423 2679 neces

996 2696 1148 2734 sitatem
1169 2695 1302 2733 habuit
1319 2700 1358 2733 et
1377 2706 1446 2733 esu

997 2750 1058 2788 riit
1079 2753 1162 2800 ipse
1192 2756 1230 2788 et
1253 2749 1319 2799 qui
1339 2761 1429 2787 cum
1450 2748 1476 2787 il

996 2803 1035 2842 lo
1056 2810 1138 2842 erat
1169 2803 1197 2825 ²⁶
1207 2802 1409 2854 quomodo
1429 2803 1470 2841 in

996 2859 1126 2896 troiuit
1146 2858 1187 2896 in
1205 2858 1367 2896 domum
1387 2856 1427 2895 di

996 2918 1035 2950 et
1053 2911 1302 2951 manducauit
1322 2923 1372 2962 pa

997 2978 1067 3004 nes
1087 2966 1370 3016 propositiones
1389 2972 1426 3004 et

1959 202 2236 243 MARCUM
2310 201 2370 257 [ΙΙ.
2393 216 2518 243 10-111.
2540 219 2591 254 19.

1565 290 1648 321 1⁹01.
1664 290 1744 321 158.

1567 330 1684 371 Dedit
1703 333 1758 372 eis
1778 332 1845 383 qui
1865 344 1955 372 cum
1974 332 2001 371 il

1563 387 1601 425 lo
1621 394 1730 425 erant
1749 399 1848 437 quos
1868 399 1948 426 non
1966 387 1992 425 li

1562 442 1674 480 cebat
1693 440 1927 480 manducare
1947 441 2018 480 nisi

1563 495 1827 534 sacerdotibus

1561 549 1589 571 ²⁸
1598 549 1698 588 Dico
1711 555 1838 587 autem
1847 548 1958 588 uobis
1965 548 2063 587 filius

1561 603 1730 642 hominis
1751 603 1838 642 dms
1857 609 1915 642 est
1934 603 2037 641 etia-

1563 658 1712 696 sabbati

1566 721 1643 748 {7111
1653 720 1672 750 3
1685 711 1698 732 ¹
1705 711 1764 750 Et
1773 712 1921 750 introiit
1930 712 2062 749 iterum

1562 766 1601 803 in
1622 777 1861 816 synagogam
1881 772 1918 804 et

1561 827 1642 858 erat
1660 820 1712 858 ibi
1731 820 1851 858 homo
1870 820 2018 858 habens

1562 885 1724 911 manum
1745 873 1892 912 aridam

1562 927 1633 966 2Εἰ
1651 928 1909 966 obseruabant
1928 939 2018 965 eum

1563 982 1592 1020 si
1613 982 1781 1020 sabbatis
1801 988 1979 1020 curarent

1562 1042 1604 1074 ut
1623 1036 1853 1074 adcusarent
1872 1047 1961 1073 eum

1563 1090 1633 1128 8Εῖ
1646 1090 1697 1128 ait
1710 1090 1769 1129 ihs
1777 1090 1925 1128 homini
1934 1090 2000 1140 qui
2013 1089 2064 1129 ha

1563 1145 1681 1183 bebat
1700 1157 1862 1182 manum
1883 1144 2019 1182 arida-

1564 1210 1679 1248 surge
1698 1199 1738 1236 in
1757 1198 1927 1237 medium

1563 1253 1635 1291 ⁴Et
1654 1253 1705 1291 ait
1725 1253 1774 1291 ad
1793 1253 1878 1291 illos
1897 1252 1957 1290 ihs
1976 1252 2063 1291 licet

1564 1307 1734 1345 sabbatis
1753 1307 1853 1345 bene
1874 1306 1997 1344 facere

1563 1367 1628 1399 aut
1646 1361 1747 1399 male
1767 1361 1938 1399 animam
1958 1360 2015 1398 sal

1563 1427 1653 1453 uam
1672 1415 1797 1454 facere
1817 1427 1868 1452 an
1887 1427 1956 1464 per

1565 1469 1655 1507 dere
1675 1469 1724 1507 ad
1743 1469 1796 1507 illi
1816 1469 1995 1507 tacebant

1563 1523 1633 1561 ⁵Et
1653 1523 1965 1573 circumspiciens
1985 1534 2054 1561 eos

1564 1589 1654 1616 cum
1673 1577 1941 1627 indignatione

1564 1717 1825 1757 Contristatus
1846 1724 1904 1757 est
1923 1729 1968 1756 su

1563 1785 1633 1823 per
1655 1772 1763 1810 illum
1783 1779 1820 1810 et
1840 1784 1951 1811 emor

1564 1835 1629 1865 tua
1649 1826 1801 1865 illorum
1822 1827 1943 1864 corda

1562 1881 1656 1919 dixit
1674 1880 1822 1919 homini
1841 1887 1955 1918 exten

1564 1936 1613 1974 de
1632 1947 1791 1973 manum
1812 1942 1918 1973 tuam
1938 1941 1977 1973 et

1562 1989 1734 2028 extendit
1754 1994 1791 2027 et
1811 1989 1945 2027 restitu

1563 2050 1602 2082 ta
1621 2051 1678 2083 est
1698 2055 1838 2082 manus
1857 2043 1939 2082 eius
1960 2050 2019 2082 sta

1562 2098 1631 2136 tim

1693 2161 1705 2182 1

1562 2195 1634 2234 ⁶Et
1654 2201 1817 2234 exerunt
1837 2194 2003 2245 pharisei

1562 2261 1652 2289 cum
1671 2249 1892 2288 herodianis
1912 2255 1989 2288 co·-

1563 2304 1691 2342 silium
1711 2304 1903 2341 faciebant
1923 2302 1972 2341 ad

1563 2370 1696 2397 uersus
1716 2370 1806 2396 eum
1826 2364 1867 2395 ut
1887 2357 1980 2395 illu·-

1562 2412 1768 2462 perderent

1562 2465 1650 2504 '¹th
1669 2472 1797 2504 autem
1817 2465 1973 2503 secessit
1987 2470 2064 2504 cu-

1564 2519 1758 2571 discipulis
1777 2519 1856 2557 suis
1875 2519 1924 2557 ad
1943 2531 2009 2558 ma

1564 2586 1605 2611 re
1786 2580 1823 2611 et
1842 2579 1902 2611 tur

1564 2629 1615 2666 ba
1634 2627 1754 2665 multa
1775 2639 1798 2665 a
1815 2626 1954 2676 galilea

1564 2689 1602 2721 et
1621 2682 1735 2720 iudea
1754 2682 1812 2720 ⁸et
1831 2682 1881 2719 ab
1901 2681 2008 2719 ihero

1565 2736 1723 2786 solymis
1761 2742 1799 2774 et
1818 2736 1868 2773 ab
1887 2734 1953 2773 idu

1563 2802 1652 2828 mea
1671 2797 1709 2828 et
1729 2796 1835 2828 trans
1855 2789 1966 2827 iorda

1565 2857 1641 2883 nen
1660 2851 1699 2883 et
1718 2843 1765 2882 de
1786 2844 1886 2882 circa
1906 2848 2018 2893 tyru-

1562 2910 1600 2937 et
1619 2898 1806 2948 sydonem
1826 2897 1937 2936 multi

1565 2953 1658 2991 tudo
1677 2964 1821 3002 magna
1839 2951 1980 2989 audie-

1565 3014 1621 3045 tes
1641 3018 1716 3056 que
1735 3005 1927 3044 faciebant

2095 332 2299 372 Uenerunt
2318 333 2368 372 ad
2388 346 2478 372 eum

2098 397 2191 424 mm
2207 386 2285 425 9Εἰ
2306 388 2413 426 dzlxz't
2434 388 2494 426 ihs
2517 388 2593 426 dis-

2441 440 2594 495 [apulis

2096 495 2173 533 suis
2187 502 2229 533 ut
2249 495 2470 534 nauiculam

2096 549 2167 587 sibi
2185 549 2431 599 prouiderent
2452 562 2550 601 prop

2096 609 2153 641 ter
2171 604 2324 641 turbam
2343 616 2394 642 ne
2413 616 2488 642 con

2095 657 2302 706 primerent
2318 669 2407 695 eum
2425 658 2506 696 mul

2096 710 2219 749 titudo
2265 710 2440 750 ¹⁰multos
2460 713 2552 750 eni-

2098 765 2247 803 sanauit
2266 764 2318 802 ita
2338 772 2379 802 ut
2398 766 2505 804 inrue

2097 825 2182 857 rent
2200 819 2239 856 in
2259 830 2349 856 eum
2387 829 2428 857 ut
2446 820 2542 858 illu-

2097 878 2299 923 tangerent
2353 873 2458 923 quod

2097 927 2203 977 quod
2222 927 2389 965 habebat
2408 927 2542 978 plagas

2097 981 2124 1002 ²¹
2134 981 2200 1019 sed
2221 987 2258 1019 et
2279 983 2345 1030 sps
2365 982 2542 1020 inmundi

2097 1047 2186 1073 cum
2206 1035 2312 1073 illum
2332 1035 2506 1074 uiderent

2096 1089 2348 1139 procidebant
2367 1090 2402 1128 ei
2420 1096 2458 1128 et

2097 1144 2367 1182 exclamabant
2386 1143 2498 1182 dice-

2095 1204 2155 1237 tes
2174 1204 2215 1235 tu
2234 1210 2276 1236 es
2294 1198 2393 1236 filius
2412 1197 2451 1235 di
2470 1197 2544 1236 1²et

2097 1252 2396 1290 conminabatur
2416 1252 2471 1290 eis

2096 1318 2146 1343 ne
2165 1318 2254 1343 eum
2274 1305 2475 1344 manifesta

2096 1366 2153 1398 ret
2173 1360 2344 1398 sciebant
2366 1360 2470 1398 enim

2096 1425 2187 1452 eum

2095 1467 2181 1505 ”Et
2202 1468 2375 1506 ascendit
2394 1468 2434 1505 in
2454 1480 2548 1506 mon

2097 1528 2177 1559 tem
2196 1529 2233 1559 et
2252 1522 2407 1560 uocauit
2427 1522 2477 1560 ad

2098 1587 2139 1614 se
2156 1588 2254 1626 quos
2273 1576 2393 1614 uoluit
2413 1576 2498 1626 ipse

2098 1635 2136 1668 et
2155 1637 2344 1668 uenerunt
2363 1630 2413 1669 ad
2433 1642 2523 1668 eum

2098 1717 2185 1756 1⁴Et
2204 1717 2292 1756 fecit
2310 1724 2351 1755 ut
2370 1725 2498 1756 essent
2518 1717 2597 1755 duo

2098 1771 2224 1810 decim
2243 1783 2332 1810 cum
2350 1771 2415 1810 illo
2433 1780 2474 1810 ut

2097 1826 2263 1864 mitteret
2282 1838 2349 1864 eos
2368 1825 2476 1876 predi

2098 1892 2187 1919 care
2207 1880 2454 1930 euangelium

2096 1934 2169 1973 ¹⁶et
2188 1934 2292 1972 dedit
2311 1935 2382 1972 illis
2401 1940 2552 1984 potesta

2097 1995 2177 2027 tem
2196 1988 2355 2027 curandi
2374 1988 2504 2026 ualetu

2097 2043 2198 2081 dinis
2217 2048 2254 2080 et
2274 2041 2436 2080 eiciendi
2456 2042 2505 2079 de

2096 2097 2229 2135 monia
2234 2097 2262 2118 ¹⁶
2268 2103 2306 2134 et
2316 2096 2442 2146 posuit
2450 2101 2596 2134 nome-

2097 2151 2238 2189 simoni
2257 2158 2409 2201 petrum
2440 2149 2513 2188 ¹⁷et

2095 2205 2277 2244 iacobum
2297 2203 2478 2243 zebedaei

2095 2265 2135 2297 et
2153 2259 2361 2297 iohannem
2380 2258 2523 2296 fratre*

2094 2312 2220 2351 iacobi

2094 2366 2146 2405 Et
2165 2366 2331 2417 inposuit
2351 2365 2422 2404 illis
2440 2365 2548 2403 nomi

2097 2433 2149 2459 na
2168 2419 2410 2470 boanerghes
2429 2419 2536 2470 quod

2095 2482 2152 2512 est
2171 2475 2235 2512 filii
2256 2474 2428 2512 tronitrui
2458 2473 2531 2513 ¹⁸et

2096 2528 2307 2567 andreham
2343 2535 2381 2566 et
2400 2527 2466 2578 phi

2095 2583 2246 2633 lippum
2301 2588 2339 2621 et
2358 2581 2496 2620 bartho

2096 2637 2270 2676 lomeum
2325 2643 2363 2675 et
2382 2636 2489 2674 mhat

2097 2698 2206 2730 teum
2260 2697 2299 2728 et
2318 2690 2482 2728 thoma*

2096 2752 2134 2783 et
2153 2745 2334 2783 iacobum
2353 2742 2480 2793 alphei

2096 2806 2134 2838 et
2153 2799 2334 2837 lebbeum
2364 2804 2401 2834 et
2421 2796 2522 2834 simo

2096 2864 2187 2891 nem
2205 2851 2448 2890 chananeum

2095 2907 2167 2944 ¹⁹et
2186 2905 2317 2943 iudam
2335 2902 2502 2942 scarioht

2096 2960 2160 3010 qui
2180 2966 2217 2997 et
2236 2958 2391 2997 tradidit
2410 2957 2516 2996 illum
