2866 3346
264 240 289 265 1.
311 238 423 272 40—11.
446 222 520 277 24.]

268 315 351 345 Fol.
367 315 427 344 45.

268 358 382 395 Unus
406 369 452 395 ex
474 356 591 395 duob·
612 355 677 406 qui
702 369 750 394 au

267 412 415 449 dierant
435 412 484 449 ab
503 411 671 449 iohanne

267 474 304 504 et
324 467 442 503 secuti
462 472 570 503 erant
591 473 667 503 eu‘

268 520 457 558 ⁴¹Inuenit
477 520 538 558 hic
558 521 726 571 primum

267 575 421 612 fratrem
443 586 553 612 suum
576 576 675 612 simo

267 641 358 666 nem
379 636 415 667 et
435 629 525 667 dicit
544 630 576 666 ei
600 629 689 667 inue

268 683 396 720 nimus
416 684 597 721 messiam
618 683 723 733 quod

267 744 323 775 est
342 738 658 787 interpraetatum

267 804 341 841 xps
361 793 433 830 ‘¹²et
453 792 612 830 adduxit
632 805 722 830 eum

268 846 318 883 ad
338 846 416 883 ihm

268 899 435 938 Intuitus
455 907 584 939 autem
606 913 693 939 eum

268 955 327 992 ihs
348 955 443 992 dixit
463 962 503 993 tu
523 967 564 993 es
584 955 711 993 simon

268 1009 367 1047 filius
387 1009 563 1047 iohannis
582 1016 621 1047 tu
641 1022 692 1048 uo

268 1064 414 1101 caueris
435 1063 605 1113 chephas
625 1064 732 1114 quod

268 1118 561 1167 interpraetatur
580 1130 629 1167 pe

267 1177 348 1209 trus

267 1226 350 1263 4³In
371 1225 577 1263 crastinum
598 1231 716 1263 aute-

266 1280 388 1319 uoluit
408 1280 510 1318 exire
530 1281 568 1317 in
588 1280 665 1329 gali

266 1334 366 1372 leam
388 1340 425 1372 et
446 1334 697 1384 proficiscens

266 1388 413 1426 inuenit
433 1389 646 1439 philippum

266 1450 304 1481 et
324 1443 414 1481 dicit
434 1444 467 1481 ei
487 1443 545 1481 ihs
565 1455 708 1493 sequae

267 1510 307 1535 re
327 1510 390 1535 me

266 1552 396 1590 ‘¹⁴Erat
421 1558 549 1590 autem
573 1551 769 1602 philippus

267 1618 289 1645 a
310 1606 494 1644 bedsaida
515 1606 562 1644 de
584 1607 697 1644 ciuita

268 1690 330 1729 Te
353 1692 519 1731 andreae
539 1700 575 1731 et
596 1694 692 1743 petri

268 1746 459 1784 ⁴⁵Inuenit
480 1747 675 1797 philippus

266 1800 470 1839 nathanael
488 1809 525 1839 et
545 1802 636 1840 dicit

267 1855 301 1892 ei
322 1867 437 1904 quem
459 1856 586 1894 scribit
606 1869 698 1906 moy

266 1920 326 1947 ses
347 1910 386 1946 in
407 1909 490 1959 lege
510 1917 547 1948 et
567 1911 675 1960 profe

265 1969 327 2000 tae
347 1963 565 2002 inuenimus
585 1965 665 2003 ihm

265 2017 386 2055 filium
406 2018 541 2068 ioseph
562 2020 628 2069 qui

266 2078 323 2109 est
343 2084 365 2110 a
385 2073 565 2111 nazareth

265 2125 352 2163 ⁴⁶Et
373 2126 467 2164 dixit
487 2129 521 2166 ei
541 2127 747 2166 nathanael

266 2191 289 2218 a
310 2182 490 2219 nazareth
512 2189 639 2231 potest

265 2234 408 2284 aliquid
428 2236 521 2274 boni
542 2249 626 2274 esse

266 2287 368 2327 Dicit
387 2291 421 2327 ei
443 2290 635 2341 philippus
656 2303 703 2330 ue

266 2343 305 2379 ni
325 2350 362 2380 et
381 2345 470 2382 uide

266 2395 294 2416 ‘¹⁷
304 2396 451 2436 Uidens
472 2407 600 2438 autem
621 2399 679 2437 ihs

265 2451 470 2490 nathanael
489 2455 630 2492 uenie-

266 2511 343 2542 tem
364 2506 413 2543 ad
434 2518 474 2543 se
495 2507 590 2545 dixit
610 2508 658 2546 de
678 2521 725 2548 eo

266 2570 358 2596 ecce
376 2571 467 2597 uere
488 2561 640 2599 istrahel

265 2612 318 2650 ita
337 2613 376 2650 in
398 2625 476 2663 quo
497 2614 608 2653 dolus
628 2624 708 2654 no*

266 2673 324 2704 est
466 2668 590 2706 ⁴¹⁸dicit
609 2670 642 2707 ei
663 2682 713 2708 na

265 2721 394 2759 tanael
415 2721 489 2759 ude
511 2735 572 2760 me
593 2736 666 2762 nos

264 2775 292 2812 ti
417 2777 612 2826 respondit
632 2778 667 2816 ei

263 2829 323 2867 ihs
342 2835 378 2867 et
399 2831 492 2868 dixit
512 2832 616 2881 prius
636 2840 741 2882 qua-

265 2889 302 2921 te
323 2883 516 2934 philippus
536 2893 692 2925 uocaret

266 2949 357 2975 cum
376 2951 479 2977 esses
500 2941 572 2979 sub
593 2943 687 2980 arbo

803 354 862 393 Re
884 355 979 394 ficus
999 355 1077 394 uidi
1099 362 1136 394 te

801 410 1056 460 ⁴⁹Resp0ndit
1077 411 1111 448 ei
1131 409 1247 448 natha

801 465 888 503 nael
908 471 945 502 et
965 466 1015 503 ait
1035 466 1144 503 rabbi

802 525 842 557 tu
863 531 904 557 es
924 519 1021 557 filius
1041 520 1079 557 di
1101 526 1142 557 tu
1161 531 1202 558 es

802 586 868 611 rex
889 574 1041 611 istrahel

801 628 829 649 5⁰
838 628 1056 677 Respondit
1075 628 1133 665 ihs
1153 633 1190 665 et
1210 627 1304 665 dixit

802 683 835 720 ei
857 683 946 733 quia
966 682 1045 720 dixi
1064 682 1130 720 tibi
1151 682 1230 719 uidi

802 743 838 774 te
859 748 947 775 cum
967 749 1071 775 esses
1093 737 1164 775 sub
1184 748 1226 775 ar

802 792 895 829 bore
916 791 1010 829 ficus
1030 797 1188 841 propter

802 858 847 883 ea
867 845 988 883 credis
1008 846 1157 883 maiora

802 899 940 938 horum
959 899 1109 938 uidebis
1129 899 1202 938 ⁵¹et

802 954 892 992 dicit
911 954 965 992 eis
986 967 1100 992 amen
1120 961 1235 992 ame-

802 1008 890 1046 dico
909 1009 1022 1046 uobis
1042 1009 1169 1046 uidebi

801 1064 847 1100 tis
867 1063 1016 1101 caelum
1037 1069 1205 1113 apertu-

802 1123 839 1155 et
859 1117 1019 1166 angelos
1039 1117 1078 1155 di
1099 1124 1222 1155 asce-

802 1171 936 1208 dentes
956 1178 994 1209 et
1013 1172 1155 1210 descen

802 1225 938 1263 dentes
960 1237 1077 1275 supra
1097 1226 1204 1263 filiu-

801 1279 966 1317 hominis

802 1343 879 1370 IIII
890 1339 908 1369 2
917 1333 929 1354 ¹
940 1333 986 1372 E
983 1338 999 1372 t
1009 1334 1065 1371 die
1076 1335 1186 1372 tertia
1199 1335 1310 1384 nupti

803 1400 848 1425 ae
869 1388 991 1426 factae
1013 1396 1102 1427 sunt
1123 1389 1163 1426 in

803 1441 980 1480 chanaan
1000 1443 1111 1493 galile

803 1509 848 1534 ae
869 1505 906 1535 et
927 1505 1006 1535 erat
1025 1505 1148 1536 mater

802 1551 867 1588 ihu
888 1552 941 1589 ibi
962 1552 1123 1590 inuitata

802 1604 996 1644 2eratus
1016 1613 1073 1644 est
1094 1613 1209 1644 aute-

803 1691 854 1730 Et
874 1692 931 1730 ihs
952 1699 989 1731 et
1008 1692 1183 1744 discipuli
1203 1694 1285 1733 eius

805 1747 854 1784 ad
874 1748 1027 1797 nuptias

803 1801 874 1839 3Et
893 1802 1028 1839 uinum
1049 1814 1130 1841 non
1150 1802 1250 1841 habe

799 1856 892 1894 bant
913 1857 1098 1907 quoniam
1118 1863 1194 1895 co-

804 1918 1041 1948 summatum
1062 1919 1118 1949 est
1138 1912 1176 1948 ui

804 1977 899 2002 num
921 1967 1139 2015 nuptiarum

804 2018 895 2057 dicit
915 2027 1037 2058 mater
1057 2020 1120 2058 ihu
1142 2020 1182 2058 ui

803 2085 898 2111 num
918 2086 970 2112 no
990 2074 1134 2112 habent
1154 2075 1205 2112 fili

801 2128 861 2165 ‘²et
883 2128 973 2166 dicit
993 2129 1027 2166 ei
1047 2129 1104 2167 ihs
1125 2129 1217 2180 quid

802 2182 895 2219 mihi
916 2189 953 2220 et
974 2183 1041 2222 tibi
1061 2190 1118 2222 est
1138 2196 1204 2221 mu

802 2237 870 2274 lier
891 2238 1067 2275 nondum
1087 2250 1135 2276 ue

803 2292 859 2328 nit
879 2291 974 2329 hora
995 2304 1081 2330 mea

802 2345 923 2383 5Dicit
944 2353 1065 2384 mater
1083 2346 1165 2384 eius
1184 2347 1238 2385 mi

802 2400 930 2437 nistris
951 2401 1148 2450 quodcum

801 2465 876 2503 que
897 2454 1016 2492 dixeri
1036 2456 1147 2493 uobis

802 2508 915 2546 facite

801 2562 944 2601 ⁶Erant
964 2570 1092 2601 autem
1112 2564 1163 2602 ibi
1184 2576 1236 2614 po

802 2617 896 2654 sitae
916 2617 1073 2666 hydriae
1094 2618 1170 2666 lapi

802 2670 896 2708 deae
918 2683 985 2709 sex
1006 2673 1206 2709 secundu-

802 2724 1108 2773 purificationem

802 2778 1026 2815 iudaeorum
1047 2779 1134 2828 capi

802 2838 908 2870 entes
929 2833 1103 2881 singulae
1123 2845 1187 2871 me

801 2893 915 2925 tretas
936 2887 1047 2925 binas
1068 2888 1128 2925 uel
1149 2894 1205 2925 ter

802 2953 872 2978 nas
982 2942 1040 2979 '‘et
1060 2942 1209 2980 uocatis

1373 313 1453 343 Fol.
1474 314 1535 343 46.

1373 357 1439 394 Ihs
1458 356 1640 394 ministris
1661 356 1751 394 dicit

1372 411 1427 449 eis
1448 411 1604 461 implete
1623 411 1776 461 hydrias

1372 477 1474 515 aqua
1639 472 1677 503 et
1698 466 1801 515 inple

1372 527 1511 557 uerunt
1531 532 1596 558 eas
1616 532 1741 570 usque

1373 573 1423 611 ad
1443 586 1639 612 summum

1372 628 1496 666 ⁸Dicit
1516 629 1571 666 eis
1591 629 1662 667 ihs·
1683 629 1830 667 haurite

1374 695 1478 721 nunc
1498 690 1534 720 et
1553 683 1649 721 ferte
1669 684 1774 721 archi

1373 737 1537 775 triclinio
1557 743 1594 775 et
1615 737 1789 776 fecerunt

1373 792 1472 830 sicut
1492 792 1585 829 dixit
1604 792 1675 830 illis

1373 845 1445 884 ⁹Ut
1465 853 1594 884 autem
1614 846 1781 896 gustauit

1373 900 1664 939 architriclinius

1373 967 1516 1005 aquam
1536 956 1670 993 uinum
1689 954 1749 993 fae

1374 1016 1455 1047 tum
1476 1022 1555 1047 non
1576 1010 1719 1048 sciebat

1373 1063 1476 1101 unde
1495 1064 1639 1102 factum
1659 1070 1758 1102 esset

1374 1118 1537 1156 ministri
1556 1127 1687 1156 autem

1375 1173 1547 1210 sciebant
1567 1173 1631 1222 qui
1652 1172 1728 1210 hau

1374 1227 1515 1264 rierant
1535 1239 1676 1276 aquam

1375 1281 1503 1319 Uocat
1524 1284 1732 1330 sponsusm
1753 1293 1796 1318 ar

1375 1335 1622 1373 chitriclinius
1643 1335 1715 1373 ¹⁰et
1734 1335 1773 1372 di

1376 1390 1424 1428 cit
1444 1390 1479 1427 ei
1563 1389 1691 1428 omnis
1712 1389 1832 1428 homo

1375 1445 1543 1494 primum
1563 1445 1712 1482 bonum

1374 1499 1509 1536 uinum
1531 1499 1639 1548 ponit
1661 1519 1669 1528 ·
1691 1504 1728 1537 et
1748 1506 1826 1538 cu*

1375 1554 1551 1591 inebriati
1572 1553 1696 1591 fierint

1376 1607 1415 1645 id
1435 1608 1541 1657 quod
1561 1608 1726 1646 deterius

1375 1695 1458 1734 Est·
1479 1701 1520 1734 tu
1539 1708 1633 1734 uero
1654 1707 1784 1734 seruas

1376 1750 1402 1788 ti
1423 1752 1570 1788 bonum
1590 1751 1726 1788 uinum

1376 1817 1500 1854 usque
1520 1804 1647 1843 adhuc

1377 1858 1402 1879 ¹¹
1412 1858 1502 1897 Hoc
1522 1859 1609 1897 fecit
1630 1859 1781 1897 initium
1802 1858 1860 1909 sig

1377 1925 1517 1951 norum
1536 1914 1594 1951 ihs
1614 1914 1652 1950 in
1673 1925 1799 1951 canan

1377 1968 1537 2016 galileae
1557 1974 1594 2006 et
1618 1968 1780 2005 manifes

1376 2022 1470 2059 tauit
1489 2022 1652 2072 gloriam
1673 2034 1784 2060 suam

1375 2082 1411 2114 et
1431 2077 1673 2115 crediderunt
1692 2077 1733 2114 in

1375 2143 1464 2168 eum
1486 2131 1660 2181 discipuli
1681 2132 1762 2169 eius

1374 2184 1487 2224 12Pos
1503 2185 1578 2224 hoc
1592 2185 1791 2224 descendit
1804 2184 1877 2224 cha

1374 2239 1592 2289 pharnaum
1613 2240 1696 2290 ipse
1716 2245 1753 2277 et
1774 2252 1838 2278 ma

1374 2302 1429 2332 ter
1449 2295 1529 2332 eius
1550 2301 1587 2332 et
1607 2294 1740 2332 fratres
1760 2295 1842 2332 eius

1374 2355 1410 2386 et
1431 2349 1483 2386 ibi
1502 2355 1728 2387 manserunt
1748 2356 1827 2388 no-

1374 2403 1519 2441 multus
1539 2403 1622 2441 dies

1376 2457 1426 2493 &¹³
1435 2457 1493 2495 Et
1497 2464 1609 2508 prope
1619 2462 1705 2496 erat
1706 2458 1876 2507 phascha

1372 2512 1574 2550 iudeorum
1595 2519 1631 2550 et
1651 2525 1768 2550 ascen

1372 2566 1426 2604 dit
1448 2566 1694 2605 hierosolima
1715 2567 1773 2604 ihs

1371 2620 1398 2641 ¹⁴¹
1407 2627 1444 2658 et
1464 2621 1610 2658 inuenit
1629 2621 1670 2658 in
1689 2621 1834 2671 templo

1371 2674 1583 2712 uendentes
1603 2675 1726 2712 boues
1745 2683 1783 2713 et

1372 2740 1466 2765 oues
1487 2734 1524 2766 et
1543 2728 1731 2766 colunbas

1371 2788 1408 2819 et
1428 2782 1706 2820 nummularios
1727 2795 1768 2820 se

1370 2835 1505 2873 dentes
1525 2836 1596 2874 ¹⁵et
1617 2836 1705 2874 fecit
1725 2838 1834 2887 quasi

1371 2890 1565 2939 flagellum
1587 2891 1634 2929 de
1654 2899 1751 2930 reste

1371 2951 1407 2982 et
1427 2956 1565 2984 omnes
1585 2945 1695 2984 eiecit
1715 2946 1762 2985 de
1778 2953 1856 2985 tem

2360 242 2409 280 23

1909 358 1979 397 Plo
2002 379 2010 388 ·
2032 360 2126 398 obes
2142 372 2262 411 quoq·
2283 367 2320 399 et
2340 361 2392 399 bo

1908 425 1977 451 ues
1998 420 2035 452 et
2055 416 2288 453 nummulari

1908 480 2020 506 orum
2039 469 2173 507 effudit
2193 482 2259 507 eas

1909 529 1947 560 et
1968 535 2124 561 mensas
2145 524 2332 562 subuertit

1909 577 1981 614 ¹⁶et
2001 578 2060 615 his
2081 578 2146 628 qui
2166 579 2389 616 uendebant

1909 631 2112 670 columbas
2133 633 2227 671 dixit
2248 646 2295 671 au

1909 685 2003 723 ferte
2022 687 2094 724 ista
2113 686 2202 725 hinc
2246 694 2283 725 et
2303 699 2357 725 no

1908 739 1974 777 lite
1994 739 2118 778 facere
2138 741 2300 779 domum

1909 795 2027 844 patris
2048 796 2125 832 mei
2145 795 2306 833 domum

1909 849 2178 898 negotiationis

1910 903 1993 941 ¹⁷Et
2014 904 2257 942 rememorati
2277 911 2366 943 sunt

1909 957 2087 1008 discipuli
2107 959 2188 997 eius
2208 959 2298 1009 quia

1909 1013 2093 1062 scriptum
2112 1021 2170 1052 est
2237 1014 2340 1052 zelus

1911 1067 2051 1105 domus
2072 1075 2160 1107 tuae
2180 1080 2292 1107 come

1910 1122 1964 1158 dit
1985 1134 2048 1159 me

1910 1175 2250 1226 18Responderunt
2270 1190 2365 1228 ergo

1911 1230 2038 1268 iudaei
2058 1238 2095 1269 et
2114 1231 2293 1270 dixerunt

1912 1285 1945 1322 ei
1966 1286 2072 1334 quod
2093 1286 2246 1335 signum
2266 1298 2312 1324 os

1910 1339 2036 1376 tendis
2056 1340 2170 1378 nobis
2191 1341 2282 1391 quia

1912 1393 2007 1431 haec
2027 1393 2119 1432 facis

1911 1447 1939 1468 ¹⁹
1948 1447 2167 1498 Respondit
2187 1449 2246 1488 ihs
2266 1456 2303 1488 et
2319 1449 2414 1488 dixit

1911 1502 1966 1540 eis
1988 1503 2122 1541 soluite
2140 1505 2327 1554 templum

1911 1556 1987 1595 hoc
2008 1557 2046 1595 in
2066 1558 2186 1596 tribus
2207 1559 2342 1597 diebus

1912 1612 2092 1651 excitabo
2112 1613 2205 1651 illud

1910 1699 2137 1738 ²⁰Dixerunt
2156 1712 2248 1751 ergo
2268 1700 2396 1739 iudaei

1910 1754 2166 1804 quadraginta
2185 1762 2222 1793 et
2242 1768 2308 1794 sex

1911 1809 2024 1847 annis
2045 1809 2284 1848 aedificatum

1910 1869 1966 1901 est
1987 1864 2175 1913 templum
2194 1864 2268 1902 hoc
2308 1870 2346 1902 et

1911 1923 1952 1955 tu
1971 1917 2011 1955 in
2030 1918 2149 1955 tribus
2169 1919 2304 1956 diebus
2325 1931 2374 1957 ex

1911 1972 2045 2010 citabis
2065 1972 2156 2010 illud
2212 1972 2239 1993 ²¹
2247 1973 2308 2011 ille

2274 2025 2409 2080 [aute-

1911 2080 2064 2119 dicebat
2084 2080 2131 2119 de
2151 2082 2299 2132 templo

1911 2135 2084 2185 corporis
2104 2136 2161 2173 sui

1909 2188 2047 2228 ²²Cum
2069 2202 2163 2240 ergo
2186 2191 2394 2229 resurrexis

1910 2251 1968 2282 set
1988 2257 2011 2282 a
2030 2245 2189 2282 mortuis
2209 2257 2316 2283 reme

1910 2299 2049 2336 morati
2070 2306 2156 2336 sunt
2176 2299 2352 2350 discipuli

1908 2353 1990 2391 eius
2011 2353 2100 2403 quia
2120 2353 2195 2391 hoc
2216 2354 2366 2391 dicebat

1908 2414 1945 2445 et
1966 2407 2208 2445 crediderunt
2228 2408 2329 2457 scrip

1908 2468 2015 2499 turae
2036 2468 2073 2498 et
2092 2462 2260 2499 sermoni
2281 2468 2384 2512 que*

1909 2515 2005 2553 dixit
2025 2516 2083 2553 ihs

1906 2569 1934 2591 2³
1943 2569 2043 2607 Cum
2065 2575 2193 2607 autem
2212 2576 2313 2608 esset
2333 2569 2392 2608 ihs

1906 2623 1945 2660 in
1965 2623 2215 2662 hierosolimis
2236 2625 2275 2661 in
2295 2636 2367 2674 pas

1907 2677 1980 2715 cha
1998 2679 2038 2714 in
2058 2678 2118 2715 die
2139 2678 2235 2716 festo
2255 2679 2336 2716 mul

1906 2731 1933 2769 ti
1953 2732 2197 2770 crediderunt
2218 2733 2256 2771 in
2277 2745 2330 2770 no

1906 2786 2010 2824 mine
2030 2787 2111 2824 eius
2131 2787 2305 2825 uidentes

1906 2840 2017 2890 signa
2037 2841 2118 2879 eius
2139 2853 2238 2891 quae
2259 2842 2357 2880 facie

1904 2895 1971 2933 bat

1904 2950 1931 2971 ²⁴
1940 2948 2031 2998 Ipse
2044 2956 2171 2988 autem
2185 2949 2242 2988 ihs
2255 2962 2334 2988 non
2343 2963 2405 2989 cre

1905 3003 2020 3042 debat
2040 3005 2290 3054 semetipsum
