2820 3334
267 224 303 251 x.
325 224 447 250 21-X1.
468 208 518 264 3.]
577 209 993 250 EUANGELJUM

265 299 348 330 1¹01.
367 300 446 333 175.

268 342 393 381 Ribus
413 349 451 380 et
469 341 629 380 habebis
648 341 745 380 the-

266 409 424 435 saurum
443 397 483 434 in
503 397 609 435 caelo
630 404 667 435 et

265 451 354 489 ueni
374 463 532 501 sequere
552 463 615 488 me

264 504 369 543 ”Ille
390 513 520 544 autem
540 505 722 544 contrista

262 565 324 598 tus
343 566 401 598 est
419 561 457 597 in
478 560 553 598 hoc
573 562 694 598 uerbo

261 620 298 651 et
318 614 473 652 recessit
491 621 528 652 et
548 615 640 652 abiit
660 614 726 652 tris

260 669 308 707 tis
346 675 427 706 erat
445 669 548 706 enim
569 668 716 707 habens

260 723 403 761 multas
426 723 674 772 possetsionis

258 784 297 815 et
318 778 502 827 pecunias

260 831 345 870 2⁸Et
364 832 677 882 circumspiciens
701 832 760 870 ihs

259 887 313 924 ait
333 886 529 936 discipulis
549 887 627 924 suis
650 895 757 937 qua-

259 940 410 978 difficile
430 941 496 990 qui
516 941 657 990 pecuni

258 1007 301 1033 as
320 994 464 1032 habent
482 995 521 1032 in
541 1003 697 1046 regnu-

257 1048 299 1087 di
317 1049 529 1087 introibunt

258 1103 324 1141 2⁵F
328 1104 457 1141 acilius
480 1111 538 1142 θεῖ
561 1104 760 1142 camellu-

257 1169 327 1207 per
346 1157 520 1195 foramen
540 1170 631 1196 acus

257 1212 416 1249 transire
436 1224 556 1261 quam
577 1213 654 1250 diui

255 1272 334 1304 tem
354 1266 393 1303 in
413 1277 533 1316 regno
553 1266 593 1303 di
631 1267 660 1288 ²⁴
671 1266 729 1305 dis

255 1321 371 1370 cipuli
391 1333 484 1358 uero
507 1321 588 1359 eius
609 1334 659 1371 pa

256 1376 400 1414 nebant
418 1376 457 1413 in
477 1376 604 1414 uerbis

254 1431 336 1468 eius

253 1483 317 1521 Ad
337 1483 394 1522 ihs
413 1484 652 1534 respondens
672 1484 743 1523 illis

253 1537 393 1575 iterum
413 1538 506 1576 dixit
525 1539 588 1576 filii
608 1547 718 1589 qua-

254 1593 414 1631 difficele
435 1599 491 1631 est
510 1605 576 1632 eos
596 1594 662 1644 qui

253 1679 467 1718 Confidunt
486 1681 526 1719 in
545 1693 644 1731 pecu

252 1734 325 1772 niis
345 1734 383 1771 in
404 1747 566 1784 regnum
585 1735 627 1774 di

251 1788 405 1826 introire

252 1841 368 1889 2⁸Qui
387 1850 518 1881 autem
539 1844 663 1894 magis
684 1844 733 1883 ad

251 1897 490 1935 mirabantur
508 1898 558 1936 ad
578 1911 618 1936 se

250 1951 437 2001 metipsos
457 1952 628 1991 dicentes

249 2012 288 2043 et
307 2006 394 2056 quis
415 2012 540 2056 potest
561 2008 691 2046 saluus

249 2060 332 2097 fieri
637 2060 751 2116 [aput

249 2112 334 2152 2’Ἐῖ
371 2115 523 2153 intuens
567 2115 654 2155 illos
692 2118 750 2157 ihs

248 2167 426 2207 homines
447 2170 635 2219 inpossibi

247 2221 283 2260 le
302 2231 360 2261 est
415 2231 508 2273 aput
528 2225 596 2262 dm
616 2237 667 2264 au

247 2282 326 2314 tem
345 2279 526 2327 possibile

248 2330 331 2369 2⁸Et
353 2333 480 2382 coepit
500 2334 535 2371 ei
554 2340 685 2383 petrus
709 2335 748 2374 di

248 2397 333 2423 cere
380 2398 468 2424 ecce
489 2400 561 2426 nos
581 2401 653 2427 m1s

246 2450 334 2476 sum
354 2440 514 2479 fecimus
533 2444 665 2481 omnia

246 2499 285 2530 et
304 2495 423 2531 secuti
442 2506 576 2533 sumus
595 2503 632 2533 te

247 2546 544 2597 ”Respondens
563 2558 693 2588 autem

246 2601 304 2639 ihs
324 2602 417 2639 dixit
436 2614 550 2641 amen
571 2604 659 2642 dico

246 2656 359 2694 uobis
398 2669 514 2695 nemo
534 2665 591 2695 est
610 2659 676 2708 qui

244 2710 433 2760 reliquerit
453 2711 615 2749 domum

245 2764 309 2802 uel
329 2765 461 2803 fratres
499 2773 564 2803 aut
585 2778 629 2805 so

243 2831 351 2857 rores
371 2827 436 2857 aut
455 2827 619 2858 matrem

245 2879 311 2911 aut
330 2873 428 2911 filios
466 2882 532 2912 aut
552 2887 666 2924 agros

244 2935 399 2977 propter
422 2940 484 2967 me
505 2937 541 2967 et
560 2942 660 2981 prop

312 3067 463 3088 BUCHANAN

803 341 886 380 Ter
906 342 1154 392 euangelium
1173 342 1275 393 ⁸⁰qui

799 409 881 435 non
903 397 1071 447 adcipiat
1091 398 1235 436 centies

798 458 950 489 tantum
997 464 1100 490 nunc
1120 452 1157 489 in

799 505 875 544 hoc
896 514 1069 556 tempore
1106 506 1172 556 qui
1193 518 1244 544 au

797 567 876 598 tem
895 561 1084 611 reliquerit
1103 561 1258 599 domu*

797 621 834 652 et
855 627 1005 654 sorores
1043 621 1080 652 et
1099 615 1232 653 fratres

796 676 833 707 et
853 676 1015 707 matrem
1034 675 1071 706 et
1091 669 1190 707 filius

796 735 887 762 cum
906 724 1160 774 persecutioni

795 779 868 816 bus
888 778 926 815 in
947 783 1112 815 uenturo
1133 778 1246 817 uita*-

794 839 991 870 aeternam
1010 833 1172 882 accipiet

794 885 820 908 ³¹
831 886 943 925 Multi
962 893 1091 924 autem
1111 893 1222 925 erunt

794 941 908 991 primi
928 942 1129 980 nouissimi
1148 948 1186 979 et
1203 953 1257 980 no

793 996 939 1033 nissimi
960 996 1071 1046 primi
1210 994 1293 1049 [uia

794 1060 917 1088 XXXII
933 1049 1101 1088 ³²Ercml
1117 1054 1235 1088 autem
1254 1052 1294 1088 z'n

793 1105 1046 1143 ascendentes
1066 1106 1104 1142 in
1125 1105 1187 1143 hie

792 1160 977 1198 rosolima
997 1166 1033 1197 et
1052 1172 1166 1209 prece

792 1213 907 1252 debat
927 1214 1010 1253 illos
1030 1215 1089 1252 ihs
1108 1221 1145 1252 et
1165 1226 1265 1264 paue

791 1268 885 1306 bant
905 1275 1110 1318 sequentes

789 1321 840 1360 Et
861 1322 1070 1360 adsumens
1090 1322 1174 1360 illos
1194 1322 1274 1361 duo

789 1377 914 1415 decim
935 1378 1062 1427 coepit
1081 1377 1135 1415 eis
1154 1377 1205 1414 ite

788 1443 875 1468 rum
895 1432 1021 1470 dicere
1042 1443 1141 1482 quae
1162 1432 1194 1470 si

786 1486 825 1523 bi
844 1493 1029 1524 euentura
1047 1493 1174 1524 essent

787 1540 913 1591 ⁸³quia
932 1553 1020 1579 ecce
1041 1540 1289 1579 ascendimus

785 1594 1043 1645 iherosolyma
1061 1602 1098 1633 et
1117 1595 1216 1634 filius

787 1681 971 1720 Hominis
992 1682 1161 1720 tradetur

787 1737 1024 1786 principibus
1044 1737 1206 1775 sacerdo

789 1798 871 1828 tum
891 1797 928 1829 et
949 1792 1081 1829 scribis
1101 1798 1139 1829 et
1159 1792 1250 1829 dam

786 1847 936 1883 nabunt
956 1846 1062 1883 illum
1082 1846 1196 1884 morti

786 1907 823 1937 et
842 1900 992 1938 tradent
1012 1912 1102 1938 eum
1123 1913 1199 1950 gen

785 1954 888 1992 tibus
907 1954 979 1992 34θῖ
999 1955 1173 1992 inludent
1194 1967 1286 1993 eum

786 2014 824 2046 et
844 2016 1034 2058 conspuet
1055 2021 1145 2047 eum
1165 2016 1204 2047 et

784 2063 961 2101 occident
980 2076 1070 2100 eum
1089 2071 1125 2102 et
1144 2071 1231 2114 post

783 2124 858 2155 tres
880 2117 960 2156 dies
981 2126 1153 2167 resurget

782 2171 868 2209 ³⁵Et
880 2172 1126 2210 adcesserunt
1142 2172 1191 2210 ad
1203 2181 1282 2210 eu-

783 2226 942 2264 iacobus
961 2234 997 2264 et
1016 2227 1203 2265 iohannes

781 2280 834 2317 fili
855 2281 1036 2319 zebaedei
1058 2282 1169 2320 dicen

781 2341 839 2372 tes
858 2335 1040 2385 magister
1060 2336 1154 2374 uolu

780 2401 867 2427 mus
887 2397 928 2427 ut
949 2391 1226 2440 quodcumque

780 2444 999 2493 petierimus
1019 2451 1056 2483 te
1075 2457 1188 2495 praes

781 2504 839 2535 tes
858 2499 972 2536 nobis

781 2551 877 2590 ³⁶Ad
893 2553 973 2602 ipse
989 2553 1082 2590 dixit
1102 2553 1194 2603 quid
1214 2553 1281 2591 uul

781 2605 827 2642 tis
846 2613 888 2643 ut
908 2607 1046 2644 faciam
1065 2608 1177 2644 uobis

780 2659 876 2696 3⁷Illi
895 2667 1025 2697 autem
1045 2661 1222 2698 dixerunt
1245 2662 1279 2699 ei

780 2712 830 2750 da
850 2714 963 2751 nobis
983 2721 1023 2751 ut
1043 2726 1143 2751 unus
1163 2715 1211 2752 ad

778 2766 955 2805 dextram
975 2776 1080 2805 tuam
1101 2774 1138 2806 et
1158 2769 1206 2805 ali

780 2822 830 2858 ad
851 2822 1041 2859 sinistram
1063 2822 1178 2860 sedea

778 2887 866 2914 mus
886 2876 924 2912 in
944 2877 1104 2925 gloriam
1125 2883 1224 2914 tua-

777 2930 875 2968 88Ad
895 2930 952 2969 ihs
969 2931 1211 2981 respondens
1227 2931 1278 2969 ait

1294 3064 1319 3088 N

1686 211 1797 250 SEC
1824 211 2101 252 MARCUM

1371 300 1454 331 1⁷01.
1470 301 1550 333 176.

1372 343 1446 381 illis
1495 343 1651 382 nescitis
1672 343 1764 395 quid

1370 397 1508 447 petatis
1554 400 1713 447 potestis
1733 399 1823 437 bibe

1369 464 1410 489 re
1429 452 1590 490 calicem
1612 465 1727 502 quem
1749 465 1823 503 ego

1368 506 1556 544 bibiturus
1577 519 1663 544 sum
1683 514 1748 545 aut
1768 509 1845 557 bap

1366 560 1522 598 tismum
1543 561 1649 611 quod
1668 574 1743 612 ego
1763 562 1839 612 bap

1366 614 1464 653 tizor
1482 615 1665 665 baptizari

1364 669 1463 707 ³⁹Ad
1483 669 1536 707 illi
1552 670 1731 709 dixerunt
1747 683 1867 721 possu

1364 735 1450 761 mus

1364 777 1413 815 Et
1433 778 1485 815 ait
1505 778 1576 816 illis
1596 778 1654 817 ihs
1693 779 1853 818 calicem

1363 832 1520 882 quidem
1540 845 1656 882 quem
1676 846 1752 883 ego

1364 887 1497 925 bibero
1518 888 1654 925 bibetis
1673 895 1710 926 et
1729 889 1806 939 bap

1362 941 1520 979 tismum
1539 943 1646 992 quod
1666 955 1740 993 ego
1761 944 1838 994 bap

1362 995 1458 1034 tizor
1477 997 1726 1046 baptizamini

1362 1049 1532 1089 ⁴⁰sedere
1551 1058 1680 1089 autem
1701 1051 1749 1090 ad
1770 1051 1845 1091 dex

1363 1111 1460 1142 tram
1481 1118 1609 1143 meam
1630 1106 1692 1144 uel
1713 1106 1761 1144 ad
1783 1107 1813 1144 si

1363 1159 1525 1197 nistram
1546 1172 1625 1198 non
1646 1167 1702 1198 est
1722 1173 1786 1199 me

1363 1225 1429 1250 um
1450 1214 1541 1251 dare
1561 1215 1643 1252 aliis
1664 1227 1758 1265 para

1361 1274 1445 1304 tum
1466 1275 1523 1306 est

1361 1321 1488 1360 41Ηοθ
1509 1323 1642 1361 audito
1663 1324 1776 1362 ceteri
1797 1324 1845 1363 de

1362 1389 1448 1414 cem
1469 1384 1680 1428 coeperunt
1701 1379 1740 1416 in

1360 1431 1477 1481 digne
1497 1432 1594 1470 serre
1615 1432 1662 1471 de
1682 1433 1767 1471 iaco

1359 1486 1410 1523 bo
1431 1492 1467 1523 et
1486 1486 1695 1524 iohannem

1359 1539 1508 1587 ⁴²Quos
1525 1553 1615 1578 cum
1628 1542 1862 1581 aduocasset

1359 1594 1417 1632 ihs
1437 1595 1487 1633 ait
1506 1595 1576 1633 illis
1597 1596 1701 1634 scitis
1722 1597 1789 1647 qui

1358 1682 1414 1720 Hi
1434 1683 1500 1733 qui
1521 1683 1698 1722 uidentur

1357 1738 1564 1788 principari
1584 1739 1757 1788 gentium

1359 1792 1609 1830 dominantur
1628 1801 1757 1831 eoru*

1355 1853 1393 1884 et
1413 1847 1595 1896 principis
1615 1860 1751 1885 eorum

1357 1907 1590 1950 potestatem
1611 1901 1755 1939 habent

1355 1955 1507 1993 illorum
1581 1956 1609 1976 ⁴¹³
1617 1968 1695 1993 non
1716 1957 1768 1994 ita

1355 2009 1394 2046 in
1414 2010 1527 2047 uobis
1547 2016 1605 2048 est
1625 2011 1691 2048 sed
1713 2011 1778 2061 qui

1355 2076 1523 2114 cumque
1543 2065 1707 2103 uoluerit

1354 2118 1479 2156 maior
1498 2131 1582 2156 esse
1603 2119 1641 2155 in
1661 2119 1774 2158 uobis

1354 2173 1424 2211 erit
1443 2180 1571 2211 uester
1591 2174 1705 2212 minis

1353 2234 1410 2265 ter
1484 2228 1553 2265 ‘flet
1573 2229 1768 2278 quicumq-

1352 2281 1517 2320 uoluerit
1535 2282 1575 2319 in
1594 2283 1706 2320 uobis
1726 2295 1768 2322 es

1353 2349 1394 2374 se
1414 2337 1562 2385 primus
1583 2338 1653 2374 erit
1673 2350 1741 2375 om

1352 2391 1459 2428 nium
1480 2403 1614 2429 seruus

1352 2446 1380 2466 ⁴⁵
1389 2446 1493 2482 Nam
1514 2452 1550 2483 et
1570 2446 1670 2483 filius
1690 2445 1798 2484 homi

1352 2500 1410 2537 nis
1430 2512 1511 2537 non
1531 2501 1637 2537 uenit
1656 2501 1770 2539 minis

1349 2554 1438 2591 trari
1458 2554 1525 2591 sed
1545 2555 1719 2593 ministra

1350 2620 1390 2645 re
1411 2616 1448 2646 et
1468 2608 1559 2645 dare
1580 2609 1751 2645 animam

1350 2673 1461 2699 suam
1480 2662 1780 2712 redemptione*

1351 2728 1421 2762 pro
1442 2716 1571 2753 multis

1348 2768 1431 2806 4ὃΕῖ
1452 2777 1543 2806 tunc
1563 2769 1669 2806 uenit
1689 2768 1831 2807 iberico

1349 2832 1488 2859 XXXIII
1493 2823 1538 2860 E
1535 2829 1551 2860 l
1551 2824 1658 2873 prqfi
1659 2824 1806 2861 cz‘scenle
1818 2826 1850 2861 ε’)

1346 2877 1435 2914 inde
1455 2889 1545 2914 cum
1565 2878 1714 2927 discipu

1347 2931 1391 2968 lis
1411 2932 1489 2970 suis
1509 2939 1547 2970 et
1566 2933 1679 2970 turba
1699 2932 1819 2971 multa

2359 215 2408 262 89

1904 342 2024 381 Filius
2052 343 2190 382 timeae
2210 344 2293 382 bari

1902 396 2068 435 thImeas
2089 411 2229 437 caecus
2250 410 2291 436 se

1903 451 2017 489 debat
2038 453 2140 491 cirea
2162 453 2225 491 uia
2245 460 2340 490 me*

1905 506 2039 544 dicans

1902 560 1930 580 ⁴⁷
1938 560 2014 598 Hic
2023 573 2113 599 cum
2121 561 2288 600 audisset
2298 561 2406 612 quod

1901 614 1958 652 ihs
1978 627 2192 654 nazoraeus
2213 623 2269 654 est

1902 670 2032 719 coepit
2053 670 2220 708 clamare
2241 676 2279 708 et

1902 723 2028 761 dicere
2066 725 2125 762 ihs
2145 724 2198 761 fili
2218 724 2335 763 dauid

1902 779 2084 816 miserere
2104 780 2180 816 mei

1901 832 1987 870 ⁴⁸Et
2006 833 2116 871 multi
2140 834 2406 872 comminaba-

1900 893 1961 924 tur
1980 887 2031 924 illi
2052 894 2093 925 ut
2113 895 2255 926 taceret

1900 941 1964 979 Ad
1985 942 2046 980 ille
2067 942 2189 980 multo
2210 942 2337 990 magis

1899 996 2092 1034 clamabat
2111 997 2163 1034 fili
2182 996 2299 1035 dauid

1899 1050 2079 1088 miserere
2099 1052 2176 1089 mei

1898 1105 1983 1141 ⁴⁹Et
1996 1111 2102 1143 stans
2116 1106 2173 1143 i'ns
2186 1105 2292 1144 iussit
2305 1105 2402 1143 illu-

1898 1160 2029 1197 uocari
2068 1160 2134 1210 qui
2155 1161 2288 1198 dicunt

1897 1225 2015 1252 caeco
2071 1215 2269 1264 animequi

1899 1280 1942 1305 or
1962 1275 2045 1306 esto
2067 1281 2181 1318 surge
2202 1275 2318 1307 uocat

1897 1329 1934 1359 te
2009 1322 2112 1372 5⁰qui
2133 1335 2226 1361 uero
2247 1336 2318 1373 pro

1897 1376 1997 1415 iecto
2018 1378 2253 1416 uestimento

1896 1442 1969 1469 suo
1989 1432 2146 1470 exiliens
2166 1433 2274 1470 uenit

1897 1485 1947 1523 ad
1965 1497 2056 1523 eum
2166 1485 2236 1524 ⁵¹et

1895 1541 2137 1589 respondens
2158 1541 2252 1578 dixit

1895 1594 1945 1632 illi
1965 1594 2023 1632 ihs
2043 1595 2136 1646 quid
2155 1596 2213 1634 uis
2233 1595 2270 1634 fa

1896 1683 2007 1721 Ciam
2029 1683 2097 1721 tibi

1897 1737 2047 1776 Caecus
2066 1744 2195 1776 autem
2217 1738 2309 1775 dixit
2329 1738 2365 1776 ei

1895 1792 1983 1829 dffie
2004 1793 2112 1830 rabbi
2132 1800 2173 1830 ut
2193 1793 2340 1830 uidea—

1894 1846 1996 1884 5²Ihs
2017 1859 2108 1884 uero
2130 1847 2224 1884 dixit
2244 1847 2278 1885 ei
2297 1846 2396 1885 uade

1894 1900 1933 1937 hi
1953 1901 2051 1939 uade
2071 1901 2166 1939 fides
2186 1908 2252 1939 tua
2271 1908 2308 1939 te

1893 1955 2046 1992 saluum
2068 1956 2156 1993 feeit
2176 1963 2213 1993 et
2233 1968 2309 1994 con

1893 2009 2019 2047 festim
2039 2010 2132 2048 uidit
2153 2017 2189 2048 et
2210 2022 2328 2060 seque

1890 2065 2004 2101 batur
2023 2077 2113 2101 eum
2134 2065 2171 2101 in
2192 2065 2298 2102 uiam

1891 2128 2049 2155 xxxIIII
2066 2129 2100 2157 11
2121 2117 2197 2156 1Εἰ
2222 2132 2303 2156 cum
2327 2119 2393 2156 ad-

2153 2171 2392 2226 [propinqua

1888 2227 2146 2277 hierosolyma
2167 2235 2203 2265 et
2223 2229 2272 2265 be

1888 2282 2063 2320 thaniam
2084 2282 2133 2319 ad
2153 2289 2320 2320 monte*

1889 2337 2019 2374 oliueti
2057 2337 2171 2374 mittit
2191 2336 2289 2374 duos

1888 2403 1935 2429 ex
1957 2391 2150 2440 discipulis
2170 2391 2247 2428 suis
2267 2389 2324 2427 ²et

1887 2445 1938 2483 ait
1957 2446 2028 2482 illis
2067 2446 2115 2482 ite
2136 2445 2174 2481 in
2194 2444 2312 2482 castel

1883 2499 1965 2536 lum
1985 2500 2092 2549 quod
2111 2506 2248 2537 contra

1885 2565 1958 2591 uos
1978 2561 2036 2591 est
2110 2560 2147 2591 et
2167 2554 2266 2590 intro

1885 2615 2020 2645 euntes
2041 2608 2170 2645 statim
2190 2608 2281 2644 inue

1885 2662 1995 2699 nietis
2014 2661 2163 2710 pullum
2183 2661 2258 2698 adli

1884 2723 2017 2764 gatum
2038 2727 2152 2764 super
2172 2727 2291 2765 quern

1883 2781 2002 2807 nemo
2022 2769 2147 2807 adhuc
2167 2770 2219 2808 ho

1883 2824 2032 2860 minum
2053 2824 2149 2862 sedit
2170 2824 2268 2862 solui

1881 2885 1917 2915 te
1937 2878 2044 2915 illum
2063 2885 2100 2916 et
2121 2878 2260 2917 adduci

1879 2939 1916 2969 te
1935 2932 1993 2970 3et
2014 2933 2044 2969 si
2065 2933 2150 2982 quis
2170 2934 2282 2971 uobis
2304 2934 2342 2971 di

1879 2987 1975 3025 xerit
1996 2987 2089 3036 quid
2109 2988 2254 3025 soluitis
