2820 3334
452 206 503 243 50

449 282 532 314 1⁸01.
548 285 608 317 97.

450 326 637 366 Rusalem
656 327 695 365 in
716 327 778 367 die
798 328 920 367 solem

449 381 488 418 ni
508 381 675 430 paschae

442 436 555 473 11114²
567 435 625 473 Et
633 449 714 473 cum
711 436 849 486 factus
863 440 952 475 esset

447 490 506 528 ihs
526 502 716 527 annorum
737 503 804 529 xu·
842 498 881 529 et

448 544 712 582 ascendissent
731 545 771 582 in
790 544 855 583 ihe

446 597 614 636 rusalem
634 598 850 636 seeundum

446 652 768 690 consuetudinem
788 653 861 691 diei

446 705 532 744 festi
570 707 843 745 ⁴3consumatis

445 772 522 810 que
542 760 676 799 diebus
695 773 787 798 cum
806 773 846 799 re

446 815 572 852 dirent
610 816 793 853 remansit

446 868 506 906 ihs
526 881 621 919 puer
639 870 680 907 in
698 869 849 908 iherusa

446 922 524 961 lem
561 930 600 961 et
620 935 699 962 non
718 936 846 973 cogno

446 978 501 1014 uit
520 977 579 1015 ihs
598 984 636 1015 et
655 984 776 1016 mater
795 978 876 1016 eius

444 1031 744 1069 “existimantes
763 1031 868 1069 illurn

446 1097 579 1123 secum
598 1085 772 1123 comitari

444 1138 496 1177 Et
515 1146 705 1177 uenerunt
723 1139 793 1178 iter
811 1139 887 1178 diei

445 1200 482 1231 et
502 1194 750 1243 requirebant
769 1207 859 1233 eum

445 1248 544 1286 inter
563 1255 754 1298 cognatos

445 1308 483 1340 et
503 1309 619 1341 notos
675 1303 747 1340 ‘¹⁵et
767 1315 847 1341 non

445 1356 685 1394 inuenientes
704 1369 795 1394 eum

445 1411 609 1460 regressi
629 1418 719 1449 sunt
739 1412 778 1449 in
797 1411 859 1449 ihe

445 1465 612 1502 rusalern
630 1465 810 1515 requiren

444 1525 502 1557 tes
522 1531 612 1556 eum
669 1519 739 1556 46θῖ
759 1519 888 1558 factu-¹

444 1579 503 1611 est
522 1585 596 1624 pos
615 1573 740 1612 triduo
760 1574 850 1612 inue

446 1660 599 1699 Nerunt
619 1674 709 1700 eum
729 1661 770 1699 in

443 1716 591 1765 templo
610 1715 810 1754 sedentem

443 1770 483 1807 in
503 1770 632 1808 medio
653 1770 845 1809 doctoru“

443 1823 663 1862 audientem
683 1824 769 1863 illos
788 1831 826 1863 et

443 1879 743 1928 interrogantem
762 1891 832 1918 eos

443 1932 473 1954 ⁴⁷
481 1932 695 1983 Stupebant
715 1940 843 1971 autem
863 1946 930 1972 om

443 1999 512 2024 nes
532 1987 597 2037 qui
617 1987 824 2025 audiebant

443 2053 535 2078 eum
554 2053 670 2090 super
690 2041 840 2090 pruden

444 2095 537 2132 tiam
557 2096 733 2144 responsi
753 2096 835 2134 eius

444 2149 530 2186 48Εῖ
542 2149 626 2186 uiso
641 2149 705 2187 illo
719 2157 944 2199 expaueru‘

443 2209 481 2240 et
502 2203 596 2240 dixit
616 2209 738 2241 mater
757 2204 840 2242 eius

443 2257 494 2295 ad
515 2257 621 2295 illum
641 2257 693 2294 fili
712 2258 805 2307 quid
825 2258 861 2296 fe

443 2311 529 2349 cisti
549 2311 662 2349 nobis
682 2311 735 2349 sic
756 2311 872 2350 dole*

444 2372 502 2403 tes
522 2372 559 2403 et
580 2365 694 2403 tristis
713 2378 830 2416 quere

443 2420 585 2457 bamus
604 2426 641 2457 te

443 2473 529 2511 ⁴⁹Et
541 2474 591 2512 ait
605 2474 654 2512 ad
668 2474 752 2513 illos
782 2474 875 2526 quid
886 2481 944 2513 est

443 2527 551 2577 quod
570 2528 789 2578 querebatis

444 2593 507 2619 me
546 2582 701 2620 nescitis
720 2583 809 2633 quia

445 2636 485 2672 in
506 2636 621 2685 patris
641 2637 717 2674 mei
755 2649 855 2687 opor

445 2695 499 2726 tet
519 2702 581 2726 me
601 2696 701 2728 esset
754 2691 828 2728 ⁶⁰et
848 2692 887 2741 ip

446 2743 477 2781 si
497 2754 577 2780 non
597 2744 865 2783 intellexerunt

445 2797 609 2834 uerbum
630 2799 735 2846 quod
756 2799 845 2837 locu

447 2857 508 2888 tus
527 2857 584 2888 est
604 2851 651 2888 ad
673 2851 756 2889 illos
775 2852 845 2891 ³¹et
865 2853 934 2892 des

446 2904 578 2943 cendit
597 2916 688 2943 cum
709 2905 780 2944 illis

686 194 1104 235 EUANGELIUM
1124 195 1239 237 SEC

981 328 1031 367 Et
1050 330 1155 367 uenit
1174 329 1356 368 nazareht

981 390 1019 421 et
1038 390 1119 422 erat
1138 384 1312 423 subditus
1332 385 1403 423 illis

981 437 1031 475 Et
1050 444 1173 476 mater
1192 439 1274 477 eius
1293 451 1431 478 conser

980 492 1098 530 uabat
1117 493 1250 531 omnia
1268 494 1388 532 uerba

981 546 1077 584 haec
1096 547 1135 584 in
1155 547 1272 586 corde
1293 559 1362 585 suo

980 599 1065 638 152Εῖ
1085 601 1143 639 ihs
1162 601 1388 651 proficiebat
1406 613 1452 640 ae

980 661 1057 693 tate
1077 662 1115 693 et
1135 655 1362 706 sapientiam

980 715 1018 747 et
1037 709 1159 760 gratia
1178 716 1272 761 aput
1291 708 1360 747 dm
1379 715 1417 747 et

980 763 1159 801 homines

983 817 1058 854 1131ῑ
1076 817 1190 856 Anno
1208 823 1327 856 autem
1347 820 1438 868 quin

979 878 1020 909 to
1040 871 1194 910 decimo
1215 872 1364 922 imperii

980 925 1103 963 tiberii
1123 927 1261 964 cesaris
1280 939 1352 976 pro

978 986 1136 1018 curante
1156 981 1293 1030 pontio
1311 980 1388 1030 pila

979 1039 1020 1071 to
1040 1034 1199 1072 iudaeae
1219 1035 1411 1073 tetrarcha

980 1093 1108 1126 autem
1128 1088 1289 1137 galileae
1309 1088 1358 1126 he

979 1142 1072 1180 rode
1092 1142 1268 1193 philippo
1288 1150 1418 1181 autem

979 1195 1093 1234 fratre
1113 1197 1194 1235 eius
1214 1197 1404 1236 tetrarcha

979 1250 1124 1289 itureae
1143 1257 1181 1288 et
1200 1252 1377 1290 traconiti

980 1304 1039 1342 dis
1058 1305 1225 1355 regionis
1245 1312 1283 1344 et
1302 1306 1384 1356 lysa

980 1359 1045 1397 nio
1065 1359 1239 1397 ablianae
1259 1366 1374 1397 tetrar

981 1413 1054 1452 cha
1073 1412 1165 1452 ²sub
1184 1414 1420 1464 principibus

980 1467 1225 1506 sacerdotum
1244 1480 1346 1507 anna
1365 1481 1387 1506 e

980 1521 1117 1572 caipha

979 1575 1144 1615 Factum
1163 1582 1221 1615 θεῖ
1239 1577 1402 1616 uerbum

980 1662 1059 1701 Dfii
1078 1676 1191 1714 super
1210 1664 1420 1703 iohannem

980 1718 1100 1756 filium
1120 1718 1339 1757 zacchariae

979 1772 1020 1810 in
1039 1772 1191 1811 deserto
1210 1773 1268 1810 8θῖ
1287 1774 1394 1811 uenit

977 1826 1017 1864 in
1038 1838 1196 1865 omnem
1215 1828 1402 1876 regione*

977 1880 1174 1919 iordannis
1193 1881 1421 1931 praedica‘s

978 1935 1213 1985 baptismum
1231 1936 1391 1986 penite-

978 1989 1053 2027 tiae

977 2043 1106 2082 ⁴Sicut
1126 2043 1309 2093 scriptum
1325 2050 1383 2082 est
1398 2044 1438 2083 in
1452 2044 1478 2083 li

978 2098 1049 2136 bro
1068 2098 1277 2136 uerborum
1296 2099 1373 2137 esei

977 2164 1022 2189 ae
1042 2151 1255 2202 prophetae

1031 2218 1109 2244 uox
1130 2206 1333 2245 clamantis
1351 2207 1391 2245 in

1030 2259 1181 2299 deserto
1218 2267 1350 2310 parate

1031 2314 1137 2352 uiam
1156 2314 1236 2352 dmi
1273 2322 1398 2354 rectas

1031 2367 1144 2406 facite
1164 2369 1320 2407 semitas
1339 2369 1423 2408 eius

1032 2422 1180 2460 ‘omnis
1199 2422 1307 2460 uallis
1327 2423 1430 2474 inple

1032 2476 1132 2514 bitur
1168 2482 1205 2513 et
1225 2477 1352 2515 omnis

1032 2542 1146 2568 mons
1182 2537 1220 2567 et
1239 2531 1346 2569 collis
1364 2530 1418 2569 hu

1031 2584 1237 2622 miliabitur
1273 2591 1310 2622 et

1032 2650 1128 2677 erun
1149 2651 1269 2688 praua
1288 2639 1328 2677 in

1033 2692 1178 2731 directa
1214 2699 1252 2731 et
1271 2705 1364 2743 aspe

1034 2759 1096 2785 ras
1115 2747 1155 2784 in
1175 2748 1257 2785 uias
1277 2747 1415 2798 planas

1034 2800 1093 2838 ⁶et
1111 2801 1257 2839 uidebit
1277 2803 1406 2841 omnis

1035 2867 1125 2894 caro
1146 2856 1350 2894 salutarem
1370 2856 1410 2894 di

978 2908 1163 2948 ⁷Dieebat
1181 2922 1275 2960 ergo
1294 2909 1410 2949 iohan

1941 202 2246 244 LUCANUM
2298 204 2359 260 [11.
2378 220 2506 254 41—111.
2529 223 2581 247 22.

1551 289 1633 320 1¹01.
1650 290 1714 321 98.

1551 331 1633 370 Νθε
1653 332 1703 371 ad
1721 333 1853 372 turbas
1871 345 1947 384 que

1550 387 1731 425 exiebant
1749 393 1792 425 ut
1811 388 1965 437 baptiza

1550 447 1681 478 rentur
1699 441 1749 479 ab
1768 440 1832 479 illo
1852 453 1951 491 gene

1549 495 1645 545 ratio
1664 495 1886 545 uiperarum

1550 549 1636 599 quis
1656 549 1824 587 ostendit
1843 549 1955 587 uobis

1549 602 1680 653 fugere
1701 603 1751 640 ab
1770 602 1825 641 ira
1844 610 1964 641 uentu

1549 668 1590 694 ra
1646 656 1777 695 ¹³facite
1798 669 1891 708 ergo
1909 657 1993 698 fruc

1548 717 1609 749 tus
1628 711 1769 761 dignus
1788 711 1946 761 peniten

1547 765 1622 803 tiae
1695 772 1733 803 et
1752 777 1802 803 ne
1821 778 1943 816 coepe

1548 819 1629 857 ritis
1648 818 1775 858 dicere
1795 826 1946 870 patrem

1548 873 1736 911 habemus
1757 874 1954 912 habraha—

1549 927 1635 966 dico
1655 928 1769 965 uobis
1788 928 1878 978 quia
1898 940 1951 978 po

1547 988 1633 1019 tens
1652 988 1709 1019 est
1727 981 1776 1019 ds
1796 983 1843 1020 de
1863 981 1980 1033 lapidi

1548 1036 1621 1073 bus
1640 1035 1721 1073 istis
1740 1036 1922 1075 suscitare

1492 1088 1497 1091 ⁴
1549 1090 1648 1128 filios
1667 1089 1822 1128 istrahel

1549 1143 1655 1182 ⁹Iam
1674 1144 1779 1182 enim
1799 1144 1944 1184 securis
1963 1145 2012 1184 ad

1548 1198 1717 1237 radicem
1737 1199 1919 1238 arborum

1549 1253 1676 1302 posita
1696 1259 1754 1291 θεῖ

1550 1306 1690 1345 Omnis
1709 1307 1823 1345 arbor
1842 1319 1924 1345 non
1942 1306 1980 1346 fa

1550 1361 1655 1399 ciens
1675 1360 1839 1399 fructum
1858 1373 1907 1399 ex

1549 1415 1696 1453 cidetur
1714 1421 1752 1453 et
1772 1415 1812 1453 in
1831 1415 1920 1465 igne
1940 1415 2010 1453 mit

1547 1475 1648 1507 tetur

1548 1523 1633 1561 ¹⁰Et
1653 1523 1986 1573 interrogauerunt

1549 1589 1639 1616 eum
1659 1577 1792 1615 turbae
1812 1576 1925 1615 dicen

1549 1665 1630 1703 Tes
1667 1664 1762 1715 quid
1781 1663 1970 1703 faciemus

1549 1718 1822 1769 11respondens
1841 1725 1957 1757 aute-

1548 1773 1701 1812 dicebat
1719 1773 1790 1811 illis
1810 1773 1876 1823 qui
1895 1773 1945 1811 ha

1550 1828 1613 1865 bet
1633 1828 1729 1866 duas
1748 1828 1898 1866 tunicas

1549 1881 1614 1920 det
1634 1893 1714 1920 non
1733 1880 1892 1922 habenti
1911 1888 1950 1920 et

1549 1937 1615 1987 qui
1635 1936 1750 1974 habet
1770 1936 1893 1975 bonas
1912 1948 1955 1975 es

1548 2003 1614 2029 cas
1633 1990 1747 2028 faciat
1767 1990 1938 2028 similiter

1548 2044 1785 2083 ¹²Uenerunt
1803 2050 1933 2083 autem
1953 2050 1991 2082 et

1548 2097 1744 2150 publicani
1762 2104 1804 2136 ut
1823 2099 1928 2149 bapti

1547 2160 1727 2192 zarentur
1763 2159 1801 2191 et
1820 2152 1908 2191 dixe

1547 2214 1635 2246 runt
1654 2207 1704 2246 ad
1723 2205 1829 2246 illum
1849 2219 1914 2246 ma

1545 2262 1662 2312 gister
1681 2261 1777 2313 quid
1795 2260 1982 2301 faciemus

1546 2316 1573 2338 ¹³
1581 2316 1630 2354 ad
1649 2316 1711 2355 ille
1732 2316 1825 2355 dixit
1844 2315 1937 2354 nihil
1957 2327 2021 2354 am

1547 2370 1647 2420 plius
1666 2371 1773 2422 quod
1792 2369 1956 2419 exigatis

1547 2436 1665 2475 quam
1683 2424 1791 2475 quod
1810 2424 1934 2462 consti

1545 2484 1629 2516 tum
1648 2485 1706 2517 est
1725 2478 1835 2517 uobis

1546 2531 1921 2583 1⁴Interrogauerunt

1546 2593 1675 2625 autern
1694 2599 1784 2624 eum
1804 2592 1842 2624 et
1861 2586 1914 2623 mi

1545 2641 1630 2679 lites
1649 2641 1821 2679 dicentes
1841 2639 1934 2690 quid

1547 2695 1732 2733 faciemus
1751 2701 1788 2732 et
1807 2706 1879 2733 nos
1898 2700 1937 2732 et

1547 2750 1599 2788 ait
1619 2749 1691 2788 illis
1711 2749 1909 2787 neminem

1547 2804 1774 2843 concutiatis
1793 2815 1918 2854 neque

1546 2857 1780 2896 calumniam
1800 2857 1946 2896 faciatis

1546 2918 1583 2950 et
1603 2911 1774 2951 contenti
1793 2917 1916 2950 estote

2083 334 2286 385 Stipendiis
2305 338 2441 377 uestris

2081 389 2109 411 ¹⁶
2117 390 2372 430 Existimante
2391 399 2522 430 autem

2081 444 2229 494 populo
2248 452 2286 483 et
2304 446 2489 496 cogitanti

2081 498 2154 535 bus
2173 500 2355 538 omnibus
2374 500 2413 538 in
2433 513 2501 539 cor

2082 551 2194 590 dibus
2213 553 2290 591 suis
2309 553 2357 591 de
2378 554 2495 593 iohan

2081 617 2131 642 ne
2151 618 2200 644 ne
2221 607 2316 645 forte
2334 608 2415 658 ipse
2435 615 2493 646 est

2081 662 2155 708 xps

2081 711 2334 763 ¹⁶Respondit
2353 715 2483 754 dicens
2502 727 2568 754 om

2081 767 2196 806 nibus
2214 780 2289 818 ego
2309 769 2465 819 quidem

2082 832 2155 860 uos
2174 834 2274 872 aqua
2293 823 2447 873 baptizo
2466 823 2508 862 in

2083 876 2359 926 paenitentiam
2395 878 2502 916 uenit

2082 936 2211 967 autem
2232 930 2364 969 fortior
2383 943 2446 970 me

2082 984 2191 1022 cuius
2210 996 2289 1022 non
2310 997 2396 1023 sum
2415 985 2482 1035 dig

2083 1049 2155 1076 nus
2175 1038 2427 1077 calciamenta
2447 1052 2519 1089 por

2082 1098 2163 1130 tare
2200 1092 2281 1142 ipse
2300 1105 2372 1131 uos
2392 1094 2499 1143 bapti

2082 1146 2183 1184 zabit
2203 1147 2242 1184 in
2262 1150 2334 1196 spu
2355 1152 2422 1185 εὸο
2441 1154 2478 1185 et
2496 1147 2536 1198 ig

2082 1200 2122 1238 ni
2143 1199 2214 1238 17θῖ
2232 1201 2489 1239 uentilabrum

2081 1254 2121 1292 in
2141 1266 2259 1292 manu
2278 1255 2360 1293 eius
2379 1261 2416 1293 et
2436 1268 2509 1305 pur

2081 1308 2188 1358 gabit
2208 1308 2366 1346 haream
2386 1321 2498 1347 suam

2082 1369 2120 1400 et
2139 1363 2390 1412 congregabit
2409 1363 2456 1400 tri

2081 1416 2201 1454 ticum
2221 1417 2260 1454 in
2280 1417 2463 1455 horreum

2083 1482 2196 1509 suum
2217 1471 2347 1521 paleas
2367 1477 2498 1509 autem

2082 1525 2269 1562 conburet
2287 1525 2367 1575 igni
2386 1525 2477 1563 inex

2081 1578 2270 1628 tinguibili

2082 1667 2244 1706 ¹⁸Multa
2262 1667 2419 1718 quidem
2438 1673 2476 1705 et
2495 1666 2568 1706 alia

2083 1721 2293 1761 exhortans
2311 1721 2490 1771 euangeli

2082 1777 2195 1814 zabat
2214 1776 2401 1827 populum

2055 1867 2057 1869 .
2083 1830 2298 1869 ¹9Herodes
2316 1836 2448 1868 autem
2467 1835 2583 1867 tetrar

2082 1884 2157 1923 cha
2175 1896 2265 1923 cum
2285 1884 2472 1933 corripere

2082 1945 2142 1977 tur
2161 1940 2210 1977 ab
2229 1938 2293 1976 illo
2314 1938 2362 1976 de
2382 1936 2527 1976 herode

2082 1993 2154 2031 ade
2174 2004 2295 2031 uxore
2314 1992 2438 2030 fratris
2457 1991 2516 2030 sui

2081 2053 2120 2086 et
2139 2046 2187 2085 de
2206 2047 2386 2085 omnibus
2405 2044 2517 2083 malis

2081 2113 2182 2151 quae
2201 2101 2289 2139 fecit
2307 2099 2472 2138 herodes

2081 2155 2154 2193 ²⁰et
2174 2155 2312 2193 adiecit
2331 2154 2407 2192 hoc
2426 2164 2543 2203 super

2081 2209 2213 2248 omnia
2231 2215 2269 2247 et
2287 2207 2440 2247 inclusit
2459 2207 2498 2245 io

2080 2263 2250 2301 hannem
2270 2263 2310 2300 in
2329 2266 2511 2301 carcere-

2085 2317 2155 2355 111Ἠ
2161 2316 2206 2354 F
2200 2321 2320 2354 actum
2325 2320 2500 2354 estautem
2508 2320 2581 2352 cu‘·

2079 2372 2295 2421 baptizatus
2314 2376 2414 2408 esset
2433 2381 2500 2407 om

2079 2426 2140 2464 nis
2159 2424 2324 2475 populus
2360 2430 2398 2462 et
2418 2423 2483 2462 ihu
2502 2423 2580 2473 bap

2081 2480 2219 2518 tizante
2239 2485 2276 2517 et
2295 2485 2474 2517 orantem

2081 2540 2259 2584 apertum
2278 2539 2335 2572 est
2355 2532 2507 2571 caelum

2082 2588 2154 2626 ²²et
2174 2587 2372 2626 descendit
2391 2590 2457 2636 sps
2477 2590 2539 2624 scs

2081 2641 2270 2692 corporali
2289 2641 2442 2691 speciae

2080 2696 2176 2735 sicut
2196 2696 2376 2734 columba
2394 2695 2434 2732 in
2453 2694 2492 2742 ip

2080 2762 2167 2789 sum
2186 2757 2224 2787 et
2242 2761 2322 2787 uox
2341 2748 2389 2786 de
2409 2747 2495 2786 celo

2079 2804 2180 2843 facta
2198 2809 2255 2841 est
2275 2802 2407 2840 dicens

2133 2857 2231 2940 filigs
2250 2867 2361 2893 meus
2381 2867 2421 2893 es
2440 2862 2483 2892 tu

2212 2919 2232 2941 Ο

2131 2965 2205 3003 ego
2225 2952 2284 2991 die
2305 2952 2421 3003 genui
2441 2959 2478 2990 te
