<?xml version="1.0" encoding="UTF-8"?>
<!DOCTYPE html PUBLIC "-//W3C//DTD XHTML 1.0 Transitional//EN"
    "http://www.w3.org/TR/xhtml1/DTD/xhtml1-transitional.dtd">
<html xmlns="http://www.w3.org/1999/xhtml" xml:lang="en" lang="en">
 <head>
  <title>
</title>
<meta http-equiv="Content-Type" content="text/html;charset=utf-8" />
  <meta name='ocr-system' content='tesseract 3.04.00' />
  <meta name='ocr-capabilities' content='ocr_page ocr_carea ocr_par ocr_line ocrx_word'/>
</head>
<body>
  <div class='ocr_page' id='page_1' title='image "./fourgospelsfromc00bibluoft_0054.png"; bbox 0 0 2820 3334; ppageno 0'>
   <div class='ocr_carea' id='block_1_1' title="bbox 452 201 611 319">
    <p class='ocr_par' dir='ltr' id='par_1_1' title="bbox 452 201 611 319">
     <span class='ocr_line' id='line_1_1' title="bbox 456 201 506 248; baseline 0 -11"><span class='ocrx_word' id='word_1_1' title='bbox 456 201 506 248; x_wconf 87' lang='lat'>38</span> 
     </span>
     <span class='ocr_line' id='line_1_2' title="bbox 452 286 611 319; baseline -0.006 -1"><span class='ocrx_word' id='word_1_2' title='bbox 452 286 537 318; x_wconf 69' lang='lat'><strong>1¹01.</strong></span> <span class='ocrx_word' id='word_1_3' title='bbox 552 287 611 319; x_wconf 83' lang='lat'>74.</span> 
     </span>
    </p>
   </div>
   <div class='ocr_carea' id='block_1_2' title="bbox 687 195 1247 237">
    <p class='ocr_par' dir='ltr' id='par_1_2' title="bbox 687 195 1247 237">
     <span class='ocr_line' id='line_1_3' title="bbox 687 195 1247 237; baseline 0 -1"><span class='ocrx_word' id='word_1_4' title='bbox 687 196 733 236; x_wconf 86' lang='lat' dir='ltr'><em>E</em></span> <span class='ocrx_word' id='word_1_5' title='bbox 735 196 805 236; x_wconf 84' lang='lat' dir='ltr'>UA</span> <span class='ocrx_word' id='word_1_6' title='bbox 812 196 863 237; x_wconf 96' lang='lat' dir='ltr'><em>N</em></span> <span class='ocrx_word' id='word_1_7' title='bbox 862 195 1008 236; x_wconf 87' lang='lat' dir='ltr'><em>GELI</em></span> <span class='ocrx_word' id='word_1_8' title='bbox 1010 196 1102 236; x_wconf 82' lang='lat' dir='ltr'>UM</span> <span class='ocrx_word' id='word_1_9' title='bbox 1134 197 1247 236; x_wconf 86' lang='lat' dir='ltr'>SEC</span> 
     </span>
    </p>
   </div>
   <div class='ocr_carea' id='block_1_3' title="bbox 454 326 1224 368">
    <p class='ocr_par' dir='ltr' id='par_1_3' title="bbox 454 326 1224 368">
     <span class='ocr_line' id='line_1_4' title="bbox 454 326 1224 368; baseline -0.004 0"><span class='ocrx_word' id='word_1_10' title='bbox 454 328 610 368; x_wconf 71' lang='lat' dir='ltr'>nvn-‘⁹⁸</span> <span class='ocrx_word' id='word_1_11' title='bbox 654 327 794 367; x_wconf 80' lang='lat' dir='ltr'>Ft&#39;lt&#39;oli</span> <span class='ocrx_word' id='word_1_12' title='bbox 834 328 957 367; x_wconf 81' lang='lat' dir='ltr'>adhuc</span> <span class='ocrx_word' id='word_1_13' title='bbox 989 326 1105 366; x_wconf 90' lang='lat' dir='ltr'>Uiam</span> <span class='ocrx_word' id='word_1_14' title='bbox 1125 328 1224 367; x_wconf 89' lang='lat' dir='ltr'>scire</span> 
     </span>
    </p>
   </div>
   <div class='ocr_carea' id='block_1_4' title="bbox 760 380 956 436">
    <p class='ocr_par' dir='ltr' id='par_1_4' title="bbox 760 380 956 436">
     <span class='ocr_line' id='line_1_5' title="bbox 760 380 956 436; baseline -0.005 -15"><span class='ocrx_word' id='word_1_15' title='bbox 760 380 956 436; x_wconf 71' lang='lat' dir='ltr'><em>[moeh‘cu-</em></span> 
     </span>
    </p>
   </div>
   <div class='ocr_carea' id='block_1_5' title="bbox 441 438 952 1732">
    <p class='ocr_par' dir='ltr' id='par_1_5' title="bbox 441 438 952 1732">
     <span class='ocr_line' id='line_1_6' title="bbox 454 438 918 486; baseline -0.004 -10"><span class='ocrx_word' id='word_1_16' title='bbox 454 438 660 476; x_wconf 90' lang='lat' dir='ltr'>uobiscum</span> <span class='ocrx_word' id='word_1_17' title='bbox 680 449 766 476; x_wconf 90' lang='lat' dir='ltr'>sum</span> <span class='ocrx_word' id='word_1_18' title='bbox 786 443 823 476; x_wconf 89' lang='lat' dir='ltr'>et</span> <span class='ocrx_word' id='word_1_19' title='bbox 842 448 918 486; x_wconf 90' lang='lat' dir='ltr'>que</span> 
     </span>
     <span class='ocr_line' id='line_1_7' title="bbox 452 490 904 531; baseline -0.009 0"><span class='ocrx_word' id='word_1_20' title='bbox 452 492 532 531; x_wconf 88' lang='lat' dir='ltr'>ritis</span> <span class='ocrx_word' id='word_1_21' title='bbox 549 503 613 530; x_wconf 90' lang='lat' dir='ltr'>me</span> <span class='ocrx_word' id='word_1_22' title='bbox 650 498 687 530; x_wconf 89' lang='lat' dir='ltr'>et</span> <span class='ocrx_word' id='word_1_23' title='bbox 707 491 806 529; x_wconf 87' lang='lat' dir='ltr'>sicut</span> <span class='ocrx_word' id='word_1_24' title='bbox 826 490 904 528; x_wconf 87' lang='lat' dir='ltr'><strong>dixi</strong></span> 
     </span>
     <span class='ocr_line' id='line_1_8' title="bbox 451 544 888 597; baseline -0.005 -13"><span class='ocrx_word' id='word_1_25' title='bbox 451 545 572 584; x_wconf 89' lang='lat' dir='ltr'>iudeis</span> <span class='ocrx_word' id='word_1_26' title='bbox 591 557 670 597; x_wconf 93' lang='lat' dir='ltr'>quo</span> <span class='ocrx_word' id='word_1_27' title='bbox 690 557 765 595; x_wconf 87' lang='lat' dir='ltr'>ego</span> <span class='ocrx_word' id='word_1_28' title='bbox 784 544 888 583; x_wconf 91' lang='lat' dir='ltr'>uado</span> 
     </span>
     <span class='ocr_line' id='line_1_9' title="bbox 451 598 912 649; baseline -0.004 -11"><span class='ocrx_word' id='word_1_29' title='bbox 451 611 523 638; x_wconf 90' lang='lat' dir='ltr'>uos</span> <span class='ocrx_word' id='word_1_30' title='bbox 541 611 623 638; x_wconf 90' lang='lat' dir='ltr'>non</span> <span class='ocrx_word' id='word_1_31' title='bbox 643 599 804 649; x_wconf 88' lang='lat' dir='ltr'>potestis</span> <span class='ocrx_word' id='word_1_32' title='bbox 822 598 912 637; x_wconf 91' lang='lat' dir='ltr'>ueni</span> 
     </span>
     <span class='ocr_line' id='line_1_10' title="bbox 450 651 925 693; baseline -0.002 0"><span class='ocrx_word' id='word_1_33' title='bbox 450 666 491 693; x_wconf 90' lang='lat' dir='ltr'>re</span> <span class='ocrx_word' id='word_1_34' title='bbox 510 659 548 692; x_wconf 91' lang='lat' dir='ltr'>et</span> <span class='ocrx_word' id='word_1_35' title='bbox 566 653 678 692; x_wconf 92' lang='lat' dir='ltr'>uobis</span> <span class='ocrx_word' id='word_1_36' title='bbox 697 652 785 691; x_wconf 89' lang='lat' dir='ltr'>dico</span> <span class='ocrx_word' id='word_1_37' title='bbox 804 651 925 692; x_wconf 90' lang='lat' dir='ltr'>modo</span> 
     </span>
     <span class='ocr_line' id='line_1_11' title="bbox 448 706 952 758; baseline 0 -12"><span class='ocrx_word' id='word_1_38' title='bbox 448 706 711 758; x_wconf 79' lang='lat' dir='ltr'>⁸⁴Preceptum</span> <span class='ocrx_word' id='word_1_39' title='bbox 731 718 879 745; x_wconf 90' lang='lat' dir='ltr'>nouum</span> <span class='ocrx_word' id='word_1_40' title='bbox 899 706 952 746; x_wconf 94' lang='lat' dir='ltr'>do</span> 
     </span>
     <span class='ocr_line' id='line_1_12' title="bbox 449 761 906 812; baseline -0.004 -11"><span class='ocrx_word' id='word_1_41' title='bbox 449 762 562 801; x_wconf 91' lang='lat' dir='ltr'>uobis</span> <span class='ocrx_word' id='word_1_42' title='bbox 581 767 622 800; x_wconf 90' lang='lat' dir='ltr'>ut</span> <span class='ocrx_word' id='word_1_43' title='bbox 642 761 806 812; x_wconf 86' lang='lat' dir='ltr'>diligatis</span> <span class='ocrx_word' id='word_1_44' title='bbox 826 761 906 799; x_wconf 89' lang='lat' dir='ltr'>inui</span> 
     </span>
     <span class='ocr_line' id='line_1_13' title="bbox 448 815 878 855; baseline -0.005 0"><span class='ocrx_word' id='word_1_45' title='bbox 448 828 534 855; x_wconf 93' lang='lat' dir='ltr'>cem</span> <span class='ocrx_word' id='word_1_46' title='bbox 554 817 651 855; x_wconf 89' lang='lat' dir='ltr'>sicut</span> <span class='ocrx_word' id='word_1_47' title='bbox 670 815 787 854; x_wconf 87' lang='lat' dir='ltr'>dilexi</span> <span class='ocrx_word' id='word_1_48' title='bbox 806 826 878 854; x_wconf 94' lang='lat' dir='ltr'>uos</span> 
     </span>
     <span class='ocr_line' id='line_1_14' title="bbox 448 870 800 920; baseline -0.003 -12"><span class='ocrx_word' id='word_1_49' title='bbox 448 870 614 920; x_wconf 87' lang='lat' dir='ltr'>diligatis</span> <span class='ocrx_word' id='word_1_50' title='bbox 634 871 800 908; x_wconf 83' lang='lat' dir='ltr'>inuicem</span> 
     </span>
     <span class='ocr_line' id='line_1_15' title="bbox 447 923 947 974; baseline -0.006 -11"><span class='ocrx_word' id='word_1_51' title='bbox 447 923 530 963; x_wconf 68' lang='lat' dir='ltr'>”In</span> <span class='ocrx_word' id='word_1_52' title='bbox 542 924 617 963; x_wconf 91' lang='lat' dir='ltr'>hoc</span> <span class='ocrx_word' id='word_1_53' title='bbox 630 929 868 974; x_wconf 89' lang='lat' dir='ltr'>cognoscent</span> <span class='ocrx_word' id='word_1_54' title='bbox 881 934 947 961; x_wconf 91' lang='lat' dir='ltr'>om</span> 
     </span>
     <span class='ocr_line' id='line_1_16' title="bbox 446 977 920 1029; baseline -0.006 -12"><span class='ocrx_word' id='word_1_55' title='bbox 446 990 517 1017; x_wconf 91' lang='lat' dir='ltr'>nes</span> <span class='ocrx_word' id='word_1_56' title='bbox 536 978 626 1029; x_wconf 92' lang='lat' dir='ltr'>quia</span> <span class='ocrx_word' id='word_1_57' title='bbox 646 979 723 1016; x_wconf 89' lang='lat' dir='ltr'>mei</span> <span class='ocrx_word' id='word_1_58' title='bbox 743 977 920 1027; x_wconf 89' lang='lat' dir='ltr'>discipuli</span> 
     </span>
     <span class='ocr_line' id='line_1_17' title="bbox 446 1030 923 1071; baseline -0.006 0"><span class='ocrx_word' id='word_1_59' title='bbox 446 1033 538 1071; x_wconf 90' lang='lat' dir='ltr'>estis</span> <span class='ocrx_word' id='word_1_60' title='bbox 557 1032 589 1071; x_wconf 90' lang='lat' dir='ltr'>si</span> <span class='ocrx_word' id='word_1_61' title='bbox 609 1031 853 1071; x_wconf 90' lang='lat' dir='ltr'>dilectionem</span> <span class='ocrx_word' id='word_1_62' title='bbox 872 1030 923 1069; x_wconf 90' lang='lat' dir='ltr'>ha</span> 
     </span>
     <span class='ocr_line' id='line_1_18' title="bbox 445 1085 859 1124; baseline -0.002 0"><span class='ocrx_word' id='word_1_63' title='bbox 445 1087 602 1124; x_wconf 89' lang='lat' dir='ltr'>bueritis</span> <span class='ocrx_word' id='word_1_64' title='bbox 621 1085 671 1124; x_wconf 91' lang='lat' dir='ltr'>ad</span> <span class='ocrx_word' id='word_1_65' title='bbox 690 1085 859 1124; x_wconf 86' lang='lat' dir='ltr'>inuicem</span> 
     </span>
     <span class='ocr_line' id='line_1_19' title="bbox 443 1140 932 1190; baseline -0.002 -12"><span class='ocrx_word' id='word_1_66' title='bbox 443 1140 581 1178; x_wconf 72' lang='lat' dir='ltr'>”Dicit</span> <span class='ocrx_word' id='word_1_67' title='bbox 599 1140 634 1178; x_wconf 90' lang='lat' dir='ltr'>ei</span> <span class='ocrx_word' id='word_1_68' title='bbox 654 1140 780 1178; x_wconf 90' lang='lat' dir='ltr'>simon</span> <span class='ocrx_word' id='word_1_69' title='bbox 799 1146 932 1190; x_wconf 90' lang='lat' dir='ltr'>petrus</span> 
     </span>
     <span class='ocr_line' id='line_1_20' title="bbox 445 1193 749 1245; baseline -0.007 -12"><span class='ocrx_word' id='word_1_70' title='bbox 445 1194 522 1233; x_wconf 77' lang='lat' dir='ltr'>dfie</span> <span class='ocrx_word' id='word_1_71' title='bbox 541 1206 620 1245; x_wconf 95' lang='lat' dir='ltr'>quo</span> <span class='ocrx_word' id='word_1_72' title='bbox 639 1193 749 1233; x_wconf 87' lang='lat' dir='ltr'>uadis</span> 
     </span>
     <span class='ocr_line' id='line_1_21' title="bbox 446 1247 945 1300; baseline -0.006 -12"><span class='ocrx_word' id='word_1_73' title='bbox 446 1247 664 1300; x_wconf 86' lang='lat' dir='ltr'>Respondit</span> <span class='ocrx_word' id='word_1_74' title='bbox 694 1247 754 1287; x_wconf 79' lang='lat' dir='ltr'>ihs</span> <span class='ocrx_word' id='word_1_75' title='bbox 783 1254 821 1286; x_wconf 91' lang='lat' dir='ltr'>et</span> <span class='ocrx_word' id='word_1_76' title='bbox 851 1247 945 1286; x_wconf 89' lang='lat' dir='ltr'>dixit</span> 
     </span>
     <span class='ocr_line' id='line_1_22' title="bbox 844 1299 944 1354; baseline -0.02 0"><span class='ocrx_word' id='word_1_77' title='bbox 844 1299 944 1354; x_wconf 75' lang='lat' dir='ltr'>[quo</span> 
     </span>
     <span class='ocr_line' id='line_1_23' title="bbox 443 1355 889 1408; baseline -0.007 -12"><span class='ocrx_word' id='word_1_78' title='bbox 443 1368 520 1408; x_wconf 88' lang='lat' dir='ltr'>ego</span> <span class='ocrx_word' id='word_1_79' title='bbox 539 1355 642 1395; x_wconf 90' lang='lat' dir='ltr'>uado</span> <span class='ocrx_word' id='word_1_80' title='bbox 661 1368 742 1394; x_wconf 89' lang='lat' dir='ltr'>non</span> <span class='ocrx_word' id='word_1_81' title='bbox 762 1362 889 1406; x_wconf 90' lang='lat' dir='ltr'>potest</span> 
     </span>
     <span class='ocr_line' id='line_1_24' title="bbox 442 1410 912 1461; baseline -0.002 -12"><span class='ocrx_word' id='word_1_82' title='bbox 442 1422 506 1449; x_wconf 91' lang='lat' dir='ltr'>me</span> <span class='ocrx_word' id='word_1_83' title='bbox 526 1411 646 1449; x_wconf 87' lang='lat' dir='ltr'>modo</span> <span class='ocrx_word' id='word_1_84' title='bbox 666 1410 775 1461; x_wconf 90' lang='lat' dir='ltr'>sequi</span> <span class='ocrx_word' id='word_1_85' title='bbox 795 1422 912 1460; x_wconf 91' lang='lat' dir='ltr'>seque</span> 
     </span>
     <span class='ocr_line' id='line_1_25' title="bbox 441 1465 799 1514; baseline -0.003 -11"><span class='ocrx_word' id='word_1_86' title='bbox 441 1465 493 1503; x_wconf 91' lang='lat' dir='ltr'>ris</span> <span class='ocrx_word' id='word_1_87' title='bbox 512 1471 643 1503; x_wconf 88' lang='lat' dir='ltr'>autem</span> <span class='ocrx_word' id='word_1_88' title='bbox 662 1471 799 1514; x_wconf 88' lang='lat' dir='ltr'>postea</span> 
     </span>
     <span class='ocr_line' id='line_1_26' title="bbox 441 1518 944 1569; baseline -0.004 -11"><span class='ocrx_word' id='word_1_89' title='bbox 441 1518 471 1541; x_wconf 81' lang='lat'>²³⁷</span> <span class='ocrx_word' id='word_1_90' title='bbox 477 1518 581 1558; x_wconf 90' lang='lat' dir='ltr'>Dicit</span> <span class='ocrx_word' id='word_1_91' title='bbox 594 1519 629 1557; x_wconf 84' lang='lat' dir='ltr'>ei</span> <span class='ocrx_word' id='word_1_92' title='bbox 640 1525 770 1569; x_wconf 88' lang='lat' dir='ltr'>petrus</span> <span class='ocrx_word' id='word_1_93' title='bbox 779 1518 853 1556; x_wconf 76' lang='lat' dir='ltr'>dfie</span> <span class='ocrx_word' id='word_1_94' title='bbox 866 1529 944 1568; x_wconf 89' lang='lat' dir='ltr'>qua</span> 
     </span>
     <span class='ocr_line' id='line_1_27' title="bbox 441 1573 905 1622; baseline -0.004 -11"><span class='ocrx_word' id='word_1_95' title='bbox 441 1585 484 1611; x_wconf 89' lang='lat' dir='ltr'>re</span> <span class='ocrx_word' id='word_1_96' title='bbox 503 1573 624 1612; x_wconf 89' lang='lat' dir='ltr'>modo</span> <span class='ocrx_word' id='word_1_97' title='bbox 643 1586 723 1611; x_wconf 91' lang='lat' dir='ltr'>non</span> <span class='ocrx_word' id='word_1_98' title='bbox 743 1584 905 1622; x_wconf 91' lang='lat' dir='ltr'>possum</span> 
     </span>
     <span class='ocr_line' id='line_1_28' title="bbox 441 1627 939 1678; baseline -0.002 -13"><span class='ocrx_word' id='word_1_99' title='bbox 441 1634 480 1666; x_wconf 92' lang='lat' dir='ltr'>te</span> <span class='ocrx_word' id='word_1_100' title='bbox 499 1627 607 1678; x_wconf 91' lang='lat' dir='ltr'>sequi</span> <span class='ocrx_word' id='word_1_101' title='bbox 629 1627 801 1665; x_wconf 88' lang='lat' dir='ltr'>animam</span> <span class='ocrx_word' id='word_1_102' title='bbox 822 1633 939 1665; x_wconf 71' lang='lat' dir='ltr'>mea*</span> 
     </span>
     <span class='ocr_line' id='line_1_29' title="bbox 441 1688 735 1732; baseline 0.003 -13"><span class='ocrx_word' id='word_1_103' title='bbox 441 1693 513 1732; x_wconf 90' lang='lat' dir='ltr'>pro</span> <span class='ocrx_word' id='word_1_104' title='bbox 533 1688 571 1720; x_wconf 91' lang='lat' dir='ltr'>te</span> <span class='ocrx_word' id='word_1_105' title='bbox 590 1693 735 1732; x_wconf 88' lang='lat' dir='ltr'>ponam</span> 
     </span>
    </p>
   </div>
   <div class='ocr_carea' id='block_1_6' title="bbox 438 1768 943 3115">
    <p class='ocr_par' dir='ltr' id='par_1_6' title="bbox 439 1768 890 1819">
     <span class='ocr_line' id='line_1_30' title="bbox 439 1768 890 1819; baseline -0.002 -12"><span class='ocrx_word' id='word_1_106' title='bbox 439 1768 695 1819; x_wconf 78' lang='lat' dir='ltr'>⁸⁸Respondit</span> <span class='ocrx_word' id='word_1_107' title='bbox 714 1768 773 1806; x_wconf 85' lang='lat' dir='ltr'>ihs</span> <span class='ocrx_word' id='word_1_108' title='bbox 793 1775 831 1807; x_wconf 87' lang='lat' dir='ltr'>et</span> <span class='ocrx_word' id='word_1_109' title='bbox 850 1768 890 1806; x_wconf 92' lang='lat' dir='ltr'>di</span> 
     </span>
    </p>

    <p class='ocr_par' dir='ltr' id='par_1_7' title="bbox 439 1823 810 1861">
     <span class='ocr_line' id='line_1_31' title="bbox 439 1823 810 1861; baseline 0 -1"><span class='ocrx_word' id='word_1_110' title='bbox 439 1823 495 1861; x_wconf 89' lang='lat' dir='ltr'>xit</span> <span class='ocrx_word' id='word_1_111' title='bbox 514 1824 684 1861; x_wconf 88' lang='lat' dir='ltr'>animam</span> <span class='ocrx_word' id='word_1_112' title='bbox 703 1829 810 1861; x_wconf 91' lang='lat' dir='ltr'>tuam</span> 
     </span>
    </p>

    <p class='ocr_par' dir='ltr' id='par_1_8' title="bbox 439 1884 895 1927">
     <span class='ocr_line' id='line_1_32' title="bbox 439 1884 895 1927; baseline 0 -12"><span class='ocrx_word' id='word_1_113' title='bbox 439 1889 513 1927; x_wconf 90' lang='lat' dir='ltr'>pro</span> <span class='ocrx_word' id='word_1_114' title='bbox 532 1889 594 1915; x_wconf 89' lang='lat' dir='ltr'>me</span> <span class='ocrx_word' id='word_1_115' title='bbox 614 1889 739 1927; x_wconf 91' lang='lat' dir='ltr'>pones</span> <span class='ocrx_word' id='word_1_116' title='bbox 776 1884 895 1915; x_wconf 67' lang='lat' dir='ltr'>ame-</span> 
     </span>
    </p>

    <p class='ocr_par' dir='ltr' id='par_1_9' title="bbox 440 1931 851 1970">
     <span class='ocr_line' id='line_1_33' title="bbox 440 1931 851 1970; baseline 0.002 -1"><span class='ocrx_word' id='word_1_117' title='bbox 440 1943 557 1970; x_wconf 88' lang='lat' dir='ltr'>amen</span> <span class='ocrx_word' id='word_1_118' title='bbox 576 1931 664 1969; x_wconf 91' lang='lat' dir='ltr'>dico</span> <span class='ocrx_word' id='word_1_119' title='bbox 683 1931 750 1968; x_wconf 91' lang='lat' dir='ltr'>tibi</span> <span class='ocrx_word' id='word_1_120' title='bbox 769 1943 851 1970; x_wconf 91' lang='lat' dir='ltr'>non</span> 
     </span>
    </p>

    <p class='ocr_par' dir='ltr' id='par_1_10' title="bbox 441 1985 825 2035">
     <span class='ocr_line' id='line_1_34' title="bbox 441 1985 825 2035; baseline 0 -11"><span class='ocrx_word' id='word_1_121' title='bbox 441 1986 612 2024; x_wconf 87' lang='lat' dir='ltr'>cantauit</span> <span class='ocrx_word' id='word_1_122' title='bbox 630 1986 753 2035; x_wconf 89' lang='lat' dir='ltr'>gallus</span> <span class='ocrx_word' id='word_1_123' title='bbox 773 1985 825 2024; x_wconf 93' lang='lat' dir='ltr'>do</span> 
     </span>
    </p>

    <p class='ocr_par' dir='ltr' id='par_1_11' title="bbox 441 2046 873 2090">
     <span class='ocr_line' id='line_1_35' title="bbox 441 2046 873 2090; baseline 0.002 -13"><span class='ocrx_word' id='word_1_124' title='bbox 441 2051 515 2078; x_wconf 89' lang='lat' dir='ltr'>nec</span> <span class='ocrx_word' id='word_1_125' title='bbox 535 2046 576 2077; x_wconf 90' lang='lat' dir='ltr'>tu</span> <span class='ocrx_word' id='word_1_126' title='bbox 594 2051 656 2077; x_wconf 85' lang='lat' dir='ltr'>me</span> <span class='ocrx_word' id='word_1_127' title='bbox 677 2046 734 2077; x_wconf 92' lang='lat' dir='ltr'>ter</span> <span class='ocrx_word' id='word_1_128' title='bbox 753 2051 873 2090; x_wconf 89' lang='lat' dir='ltr'>neges</span> 
     </span>
    </p>

    <p class='ocr_par' dir='ltr' id='par_1_12' title="bbox 438 2093 943 2133">
     <span class='ocr_line' id='line_1_36' title="bbox 438 2093 943 2133; baseline 0.004 -2"><span class='ocrx_word' id='word_1_129' title='bbox 438 2093 495 2131; x_wconf 82' lang='lat'>14¹</span> <span class='ocrx_word' id='word_1_130' title='bbox 509 2093 602 2132; x_wconf 94' lang='lat' dir='ltr'>Non</span> <span class='ocrx_word' id='word_1_131' title='bbox 614 2094 787 2132; x_wconf 88' lang='lat' dir='ltr'>turbetur</span> <span class='ocrx_word' id='word_1_132' title='bbox 798 2105 865 2131; x_wconf 93' lang='lat' dir='ltr'>cor</span> <span class='ocrx_word' id='word_1_133' title='bbox 874 2105 943 2133; x_wconf 89' lang='lat' dir='ltr'>ues</span> 
     </span>
    </p>

    <p class='ocr_par' dir='ltr' id='par_1_13' title="bbox 439 2147 852 2186">
     <span class='ocr_line' id='line_1_37' title="bbox 439 2147 852 2186; baseline -0.005 0"><span class='ocrx_word' id='word_1_134' title='bbox 439 2154 542 2186; x_wconf 90' lang='lat' dir='ltr'>trum</span> <span class='ocrx_word' id='word_1_135' title='bbox 561 2147 705 2186; x_wconf 89' lang='lat' dir='ltr'>credite</span> <span class='ocrx_word' id='word_1_136' title='bbox 724 2148 764 2185; x_wconf 91' lang='lat' dir='ltr'>in</span> <span class='ocrx_word' id='word_1_137' title='bbox 783 2147 852 2185; x_wconf 79' lang='lat' dir='ltr'>dm</span> 
     </span>
    </p>

    <p class='ocr_par' dir='ltr' id='par_1_14' title="bbox 440 2201 783 2240">
     <span class='ocr_line' id='line_1_38' title="bbox 440 2201 783 2240; baseline -0.003 0"><span class='ocrx_word' id='word_1_138' title='bbox 440 2208 479 2240; x_wconf 91' lang='lat' dir='ltr'>et</span> <span class='ocrx_word' id='word_1_139' title='bbox 497 2201 538 2239; x_wconf 90' lang='lat' dir='ltr'>in</span> <span class='ocrx_word' id='word_1_140' title='bbox 557 2212 619 2239; x_wconf 90' lang='lat' dir='ltr'>me</span> <span class='ocrx_word' id='word_1_141' title='bbox 639 2201 783 2240; x_wconf 86' lang='lat' dir='ltr'>credite</span> 
     </span>
    </p>

    <p class='ocr_par' dir='ltr' id='par_1_15' title="bbox 439 2255 943 2362">
     <span class='ocr_line' id='line_1_39' title="bbox 439 2255 943 2306; baseline -0.002 -12"><span class='ocrx_word' id='word_1_142' title='bbox 439 2255 509 2294; x_wconf 66' lang='lat' dir='ltr'>“In</span> <span class='ocrx_word' id='word_1_143' title='bbox 550 2255 670 2294; x_wconf 91' lang='lat' dir='ltr'>domo</span> <span class='ocrx_word' id='word_1_144' title='bbox 710 2255 829 2306; x_wconf 87' lang='lat' dir='ltr'>patris</span> <span class='ocrx_word' id='word_1_145' title='bbox 867 2255 943 2294; x_wconf 86' lang='lat' dir='ltr'>mei</span> 
     </span>
     <span class='ocr_line' id='line_1_40' title="bbox 828 2307 943 2362; baseline 0.009 -15"><span class='ocrx_word' id='word_1_146' title='bbox 828 2307 943 2362; x_wconf 65' lang='lat' dir='ltr'>[rna-</span> 
     </span>
    </p>

    <p class='ocr_par' dir='ltr' id='par_1_16' title="bbox 441 2362 843 2403">
     <span class='ocr_line' id='line_1_41' title="bbox 441 2362 843 2403; baseline -0.002 -1"><span class='ocrx_word' id='word_1_147' title='bbox 441 2363 572 2403; x_wconf 89' lang='lat' dir='ltr'>siones</span> <span class='ocrx_word' id='word_1_148' title='bbox 589 2362 734 2401; x_wconf 90' lang='lat' dir='ltr'>multae</span> <span class='ocrx_word' id='word_1_149' title='bbox 754 2370 843 2402; x_wconf 89' lang='lat' dir='ltr'>sunt</span> 
     </span>
    </p>

    <p class='ocr_par' dir='ltr' id='par_1_17' title="bbox 442 2417 861 2468">
     <span class='ocr_line' id='line_1_42' title="bbox 442 2417 861 2468; baseline 0 -13"><span class='ocrx_word' id='word_1_150' title='bbox 442 2418 474 2456; x_wconf 90' lang='lat' dir='ltr'>si</span> <span class='ocrx_word' id='word_1_151' title='bbox 493 2429 572 2468; x_wconf 88' lang='lat' dir='ltr'>quo</span> <span class='ocrx_word' id='word_1_152' title='bbox 591 2417 720 2455; x_wconf 91' lang='lat' dir='ltr'>minus</span> <span class='ocrx_word' id='word_1_153' title='bbox 761 2417 861 2456; x_wconf 85' lang='lat' dir='ltr'>dixis</span> 
     </span>
    </p>

    <p class='ocr_par' dir='ltr' id='par_1_18' title="bbox 442 2472 857 2522">
     <span class='ocr_line' id='line_1_43' title="bbox 442 2472 857 2522; baseline 0 -12"><span class='ocrx_word' id='word_1_154' title='bbox 442 2484 524 2510; x_wconf 89' lang='lat' dir='ltr'>sem</span> <span class='ocrx_word' id='word_1_155' title='bbox 544 2472 658 2510; x_wconf 88' lang='lat' dir='ltr'>uobis</span> <span class='ocrx_word' id='word_1_156' title='bbox 698 2472 788 2522; x_wconf 85' lang='lat' dir='ltr'>quia</span> <span class='ocrx_word' id='word_1_157' title='bbox 806 2484 857 2510; x_wconf 90' lang='lat' dir='ltr'>ua</span> 
     </span>
    </p>

    <p class='ocr_par' dir='ltr' id='par_1_19' title="bbox 441 2525 929 2576">
     <span class='ocr_line' id='line_1_44' title="bbox 441 2525 929 2576; baseline 0.002 -12"><span class='ocrx_word' id='word_1_158' title='bbox 441 2526 494 2564; x_wconf 95' lang='lat' dir='ltr'>do</span> <span class='ocrx_word' id='word_1_159' title='bbox 514 2537 649 2576; x_wconf 85' lang='lat' dir='ltr'>parare</span> <span class='ocrx_word' id='word_1_160' title='bbox 668 2526 781 2564; x_wconf 91' lang='lat' dir='ltr'>uobis</span> <span class='ocrx_word' id='word_1_161' title='bbox 799 2525 929 2565; x_wconf 91' lang='lat' dir='ltr'>locum</span> 
     </span>
    </p>

    <p class='ocr_par' dir='ltr' id='par_1_20' title="bbox 439 2579 894 2631">
     <span class='ocr_line' id='line_1_45' title="bbox 439 2579 894 2631; baseline 0.007 -14"><span class='ocrx_word' id='word_1_162' title='bbox 439 2579 499 2618; x_wconf 85' lang='lat' dir='ltr'>⁸et</span> <span class='ocrx_word' id='word_1_163' title='bbox 517 2580 549 2618; x_wconf 87' lang='lat' dir='ltr'>si</span> <span class='ocrx_word' id='word_1_164' title='bbox 568 2579 699 2618; x_wconf 90' lang='lat' dir='ltr'>abiero</span> <span class='ocrx_word' id='word_1_165' title='bbox 717 2586 754 2619; x_wconf 91' lang='lat' dir='ltr'>et</span> <span class='ocrx_word' id='word_1_166' title='bbox 773 2592 894 2631; x_wconf 89' lang='lat' dir='ltr'>prepa</span> 
     </span>
    </p>

    <p class='ocr_par' dir='ltr' id='par_1_21' title="bbox 441 2634 856 2673">
     <span class='ocr_line' id='line_1_46' title="bbox 441 2634 856 2673; baseline 0.007 -3"><span class='ocrx_word' id='word_1_167' title='bbox 441 2645 577 2672; x_wconf 91' lang='lat' dir='ltr'>rauero</span> <span class='ocrx_word' id='word_1_168' title='bbox 596 2634 705 2673; x_wconf 89' lang='lat' dir='ltr'>uobis</span> <span class='ocrx_word' id='word_1_169' title='bbox 724 2634 856 2673; x_wconf 89' lang='lat' dir='ltr'>locum</span> 
     </span>
    </p>

    <p class='ocr_par' dir='ltr' id='par_1_22' title="bbox 441 2687 841 2728">
     <span class='ocr_line' id='line_1_47' title="bbox 441 2687 841 2728; baseline 0.01 -4"><span class='ocrx_word' id='word_1_170' title='bbox 441 2687 579 2725; x_wconf 88' lang='lat' dir='ltr'>iterum</span> <span class='ocrx_word' id='word_1_171' title='bbox 598 2688 714 2725; x_wconf 91' lang='lat' dir='ltr'>uenio</span> <span class='ocrx_word' id='word_1_172' title='bbox 733 2695 771 2726; x_wconf 89' lang='lat' dir='ltr'>et</span> <span class='ocrx_word' id='word_1_173' title='bbox 790 2688 841 2728; x_wconf 89' lang='lat' dir='ltr'>ad</span> 
     </span>
    </p>

    <p class='ocr_par' dir='ltr' id='par_1_23' title="bbox 441 2741 883 2793">
     <span class='ocr_line' id='line_1_48' title="bbox 441 2741 883 2793; baseline 0 -13"><span class='ocrx_word' id='word_1_174' title='bbox 441 2741 565 2780; x_wconf 88' lang='lat' dir='ltr'>cersio</span> <span class='ocrx_word' id='word_1_175' title='bbox 584 2753 656 2779; x_wconf 92' lang='lat' dir='ltr'>uos</span> <span class='ocrx_word' id='word_1_176' title='bbox 693 2742 742 2780; x_wconf 87' lang='lat' dir='ltr'>ad</span> <span class='ocrx_word' id='word_1_177' title='bbox 761 2755 824 2781; x_wconf 87' lang='lat' dir='ltr'>me</span> <span class='ocrx_word' id='word_1_178' title='bbox 843 2743 883 2793; x_wconf 92' lang='lat' dir='ltr'>ip</span> 
     </span>
    </p>

    <p class='ocr_par' dir='ltr' id='par_1_24' title="bbox 442 2795 876 2845">
     <span class='ocr_line' id='line_1_49' title="bbox 442 2795 876 2845; baseline 0.002 -11"><span class='ocrx_word' id='word_1_179' title='bbox 442 2806 530 2834; x_wconf 87' lang='lat' dir='ltr'>sum</span> <span class='ocrx_word' id='word_1_180' title='bbox 549 2802 590 2832; x_wconf 92' lang='lat' dir='ltr'>ut</span> <span class='ocrx_word' id='word_1_181' title='bbox 609 2795 675 2832; x_wconf 93' lang='lat' dir='ltr'>ubi</span> <span class='ocrx_word' id='word_1_182' title='bbox 694 2807 768 2845; x_wconf 90' lang='lat' dir='ltr'>ego</span> <span class='ocrx_word' id='word_1_183' title='bbox 788 2809 876 2835; x_wconf 90' lang='lat' dir='ltr'>sum</span> 
     </span>
    </p>

    <p class='ocr_par' dir='ltr' id='par_1_25' title="bbox 442 2848 918 2899">
     <span class='ocr_line' id='line_1_50' title="bbox 442 2848 918 2899; baseline 0.004 -12"><span class='ocrx_word' id='word_1_184' title='bbox 442 2856 481 2888; x_wconf 89' lang='lat' dir='ltr'>et</span> <span class='ocrx_word' id='word_1_185' title='bbox 496 2860 568 2887; x_wconf 89' lang='lat' dir='ltr'>uos</span> <span class='ocrx_word' id='word_1_186' title='bbox 583 2848 664 2887; x_wconf 89' lang='lat' dir='ltr'>sitis</span> <span class='ocrx_word' id='word_1_187' title='bbox 699 2849 758 2887; x_wconf 82' lang='lat' dir='ltr'>⁴et</span> <span class='ocrx_word' id='word_1_188' title='bbox 773 2862 851 2899; x_wconf 92' lang='lat' dir='ltr'>quo</span> <span class='ocrx_word' id='word_1_189' title='bbox 868 2862 918 2889; x_wconf 90' lang='lat' dir='ltr'>ua</span> 
     </span>
    </p>

    <p class='ocr_par' dir='ltr' id='par_1_26' title="bbox 442 2902 942 2943">
     <span class='ocr_line' id='line_1_51' title="bbox 442 2902 942 2943; baseline 0.006 -3"><span class='ocrx_word' id='word_1_190' title='bbox 442 2902 495 2941; x_wconf 95' lang='lat' dir='ltr'>do</span> <span class='ocrx_word' id='word_1_191' title='bbox 515 2902 617 2940; x_wconf 91' lang='lat' dir='ltr'>scitis</span> <span class='ocrx_word' id='word_1_192' title='bbox 635 2908 673 2940; x_wconf 88' lang='lat' dir='ltr'>et</span> <span class='ocrx_word' id='word_1_193' title='bbox 694 2903 798 2941; x_wconf 87' lang='lat' dir='ltr'>uiam</span> <span class='ocrx_word' id='word_1_194' title='bbox 822 2905 942 2943; x_wconf 89' lang='lat' dir='ltr'>nostis</span> 
     </span>
    </p>

    <p class='ocr_par' dir='ltr' id='par_1_27' title="bbox 441 2955 898 2996">
     <span class='ocr_line' id='line_1_52' title="bbox 441 2955 898 2996; baseline 0.007 -3"><span class='ocrx_word' id='word_1_195' title='bbox 441 2956 568 2994; x_wconf 63' lang='lat' dir='ltr'>‘Dicit</span> <span class='ocrx_word' id='word_1_196' title='bbox 586 2956 621 2994; x_wconf 91' lang='lat' dir='ltr'>ei</span> <span class='ocrx_word' id='word_1_197' title='bbox 639 2955 791 2995; x_wconf 91' lang='lat' dir='ltr'>thomas</span> <span class='ocrx_word' id='word_1_198' title='bbox 810 2958 898 2996; x_wconf 74' lang='lat' dir='ltr'>dffie</span> 
     </span>
    </p>

    <p class='ocr_par' dir='ltr' id='par_1_28' title="bbox 442 3010 865 3060">
     <span class='ocr_line' id='line_1_53' title="bbox 442 3010 865 3060; baseline -0.005 -10"><span class='ocrx_word' id='word_1_199' title='bbox 442 3010 636 3050; x_wconf 85' lang='lat' dir='ltr'>nescimus</span> <span class='ocrx_word' id='word_1_200' title='bbox 654 3022 735 3060; x_wconf 91' lang='lat' dir='ltr'>quo</span> <span class='ocrx_word' id='word_1_201' title='bbox 754 3011 865 3049; x_wconf 88' lang='lat' dir='ltr'>uadis</span> 
     </span>
    </p>

    <p class='ocr_par' dir='ltr' id='par_1_29' title="bbox 443 3064 926 3115">
     <span class='ocr_line' id='line_1_54' title="bbox 443 3064 926 3115; baseline 0 -11"><span class='ocrx_word' id='word_1_202' title='bbox 443 3071 482 3104; x_wconf 87' lang='lat' dir='ltr'>et</span> <span class='ocrx_word' id='word_1_203' title='bbox 499 3064 700 3115; x_wconf 88' lang='lat' dir='ltr'>quomodo</span> <span class='ocrx_word' id='word_1_204' title='bbox 719 3076 926 3115; x_wconf 89' lang='lat' dir='ltr'>possumus</span> 
     </span>
    </p>
   </div>
   <div class='ocr_carea' id='block_1_7' title="bbox 977 380 1483 1679">
    <p class='ocr_par' dir='ltr' id='par_1_30' title="bbox 977 380 1483 1679">
     <span class='ocr_line' id='line_1_55' title="bbox 986 380 1444 432; baseline 0.002 -13"><span class='ocrx_word' id='word_1_205' title='bbox 986 380 1113 420; x_wconf 77' lang='lat' dir='ltr'>‘Dicit</span> <span class='ocrx_word' id='word_1_206' title='bbox 1132 382 1166 420; x_wconf 91' lang='lat' dir='ltr'>ei</span> <span class='ocrx_word' id='word_1_207' title='bbox 1186 382 1245 421; x_wconf 83' lang='lat' dir='ltr'>ihs</span> <span class='ocrx_word' id='word_1_208' title='bbox 1263 393 1338 432; x_wconf 89' lang='lat' dir='ltr'>ego</span> <span class='ocrx_word' id='word_1_209' title='bbox 1358 394 1444 421; x_wconf 90' lang='lat' dir='ltr'>sum</span> 
     </span>
     <span class='ocr_line' id='line_1_56' title="bbox 987 436 1423 475; baseline 0.005 -2"><span class='ocrx_word' id='word_1_210' title='bbox 987 436 1091 474; x_wconf 88' lang='lat' dir='ltr'>uiam</span> <span class='ocrx_word' id='word_1_211' title='bbox 1111 443 1148 474; x_wconf 91' lang='lat' dir='ltr'>et</span> <span class='ocrx_word' id='word_1_212' title='bbox 1167 438 1307 475; x_wconf 89' lang='lat' dir='ltr'>ueritas</span> <span class='ocrx_word' id='word_1_213' title='bbox 1326 444 1364 475; x_wconf 90' lang='lat' dir='ltr'>et</span> <span class='ocrx_word' id='word_1_214' title='bbox 1383 438 1423 475; x_wconf 90' lang='lat' dir='ltr'>ui</span> 
     </span>
     <span class='ocr_line' id='line_1_57' title="bbox 987 491 1448 541; baseline 0.004 -13"><span class='ocrx_word' id='word_1_215' title='bbox 987 497 1027 528; x_wconf 89' lang='lat' dir='ltr'>ta</span> <span class='ocrx_word' id='word_1_216' title='bbox 1066 501 1183 529; x_wconf 89' lang='lat' dir='ltr'>nemo</span> <span class='ocrx_word' id='word_1_217' title='bbox 1203 492 1308 530; x_wconf 89' lang='lat' dir='ltr'>uenit</span> <span class='ocrx_word' id='word_1_218' title='bbox 1328 491 1378 529; x_wconf 90' lang='lat' dir='ltr'>ad</span> <span class='ocrx_word' id='word_1_219' title='bbox 1397 503 1448 541; x_wconf 87' lang='lat' dir='ltr'>pa</span> 
     </span>
     <span class='ocr_line' id='line_1_58' title="bbox 986 543 1419 595; baseline 0.007 -14"><span class='ocrx_word' id='word_1_220' title='bbox 986 550 1085 582; x_wconf 89' lang='lat' dir='ltr'>trem</span> <span class='ocrx_word' id='word_1_221' title='bbox 1105 544 1177 583; x_wconf 90' lang='lat' dir='ltr'>nisi</span> <span class='ocrx_word' id='word_1_222' title='bbox 1196 557 1267 595; x_wconf 89' lang='lat' dir='ltr'>per</span> <span class='ocrx_word' id='word_1_223' title='bbox 1284 557 1347 583; x_wconf 89' lang='lat' dir='ltr'>me</span> <span class='ocrx_word' id='word_1_224' title='bbox 1366 543 1419 584; x_wconf 79' lang='lat' dir='ltr'>&#39;&#39;si</span> 
     </span>
     <span class='ocr_line' id='line_1_59' title="bbox 986 599 1366 648; baseline 0.005 -12"><span class='ocrx_word' id='word_1_225' title='bbox 986 599 1224 648; x_wconf 89' lang='lat' dir='ltr'>cognouistis</span> <span class='ocrx_word' id='word_1_226' title='bbox 1245 611 1308 638; x_wconf 90' lang='lat' dir='ltr'>me</span> <span class='ocrx_word' id='word_1_227' title='bbox 1328 606 1366 638; x_wconf 91' lang='lat' dir='ltr'>et</span> 
     </span>
     <span class='ocr_line' id='line_1_60' title="bbox 985 659 1385 703; baseline 0.008 -13"><span class='ocrx_word' id='word_1_228' title='bbox 985 659 1137 702; x_wconf 91' lang='lat' dir='ltr'>patrem</span> <span class='ocrx_word' id='word_1_229' title='bbox 1157 665 1289 692; x_wconf 90' lang='lat' dir='ltr'>meum</span> <span class='ocrx_word' id='word_1_230' title='bbox 1309 665 1385 703; x_wconf 89' lang='lat' dir='ltr'>cog</span> 
     </span>
     <span class='ocr_line' id='line_1_61' title="bbox 985 707 1365 747; baseline 0.005 -3"><span class='ocrx_word' id='word_1_231' title='bbox 985 707 1146 745; x_wconf 87' lang='lat' dir='ltr'>nouistis</span> <span class='ocrx_word' id='word_1_232' title='bbox 1165 714 1202 746; x_wconf 91' lang='lat' dir='ltr'>et</span> <span class='ocrx_word' id='word_1_233' title='bbox 1222 707 1365 747; x_wconf 90' lang='lat' dir='ltr'>amodo</span> 
     </span>
     <span class='ocr_line' id='line_1_62' title="bbox 985 762 1391 800; baseline 0.005 -2"><span class='ocrx_word' id='word_1_234' title='bbox 985 762 1107 799; x_wconf 91' lang='lat' dir='ltr'>nostis</span> <span class='ocrx_word' id='word_1_235' title='bbox 1126 773 1216 800; x_wconf 90' lang='lat' dir='ltr'>eum</span> <span class='ocrx_word' id='word_1_236' title='bbox 1234 768 1272 800; x_wconf 93' lang='lat' dir='ltr'>et</span> <span class='ocrx_word' id='word_1_237' title='bbox 1291 762 1391 800; x_wconf 89' lang='lat' dir='ltr'>uidis</span> 
     </span>
     <span class='ocr_line' id='line_1_63' title="bbox 983 814 1140 853; baseline 0.006 -2"><span class='ocrx_word' id='word_1_238' title='bbox 983 814 1032 852; x_wconf 89' lang='lat' dir='ltr'>tis</span> <span class='ocrx_word' id='word_1_239' title='bbox 1052 827 1140 853; x_wconf 89' lang='lat' dir='ltr'>eum</span> 
     </span>
     <span class='ocr_line' id='line_1_64' title="bbox 983 867 1483 920; baseline 0.002 -14"><span class='ocrx_word' id='word_1_240' title='bbox 983 867 1108 907; x_wconf 83' lang='lat' dir='ltr'>⁸Dicit</span> <span class='ocrx_word' id='word_1_241' title='bbox 1127 870 1161 907; x_wconf 93' lang='lat' dir='ltr'>ei</span> <span class='ocrx_word' id='word_1_242' title='bbox 1178 869 1330 920; x_wconf 89' lang='lat' dir='ltr'>filippus</span> <span class='ocrx_word' id='word_1_243' title='bbox 1346 869 1422 907; x_wconf 65' lang='lat' dir='ltr'>cir-ie</span> <span class='ocrx_word' id='word_1_244' title='bbox 1439 881 1483 908; x_wconf 91' lang='lat' dir='ltr'>os</span> 
     </span>
     <span class='ocr_line' id='line_1_65' title="bbox 982 922 1403 973; baseline 0 -13"><span class='ocrx_word' id='word_1_245' title='bbox 982 922 1098 961; x_wconf 91' lang='lat' dir='ltr'>tende</span> <span class='ocrx_word' id='word_1_246' title='bbox 1116 923 1232 962; x_wconf 88' lang='lat' dir='ltr'>nobis</span> <span class='ocrx_word' id='word_1_247' title='bbox 1252 929 1403 973; x_wconf 91' lang='lat' dir='ltr'>patrem</span> 
     </span>
     <span class='ocr_line' id='line_1_66' title="bbox 981 976 1310 1016; baseline 0.003 -2"><span class='ocrx_word' id='word_1_248' title='bbox 981 983 1020 1014; x_wconf 92' lang='lat' dir='ltr'>et</span> <span class='ocrx_word' id='word_1_249' title='bbox 1039 976 1178 1016; x_wconf 89' lang='lat' dir='ltr'>sufficit</span> <span class='ocrx_word' id='word_1_250' title='bbox 1197 978 1310 1016; x_wconf 92' lang='lat' dir='ltr'>nobis</span> 
     </span>
     <span class='ocr_line' id='line_1_67' title="bbox 981 1030 1420 1138; baseline 0.002 -70"><span class='ocrx_word' id='word_1_251' title='bbox 981 1030 1103 1069; x_wconf 82' lang='lat' dir='ltr'>⁹Dicit</span> <span class='ocrx_word' id='word_1_252' title='bbox 1122 1032 1156 1070; x_wconf 91' lang='lat' dir='ltr'>ei</span> <span class='ocrx_word' id='word_1_253' title='bbox 1175 1031 1234 1070; x_wconf 82' lang='lat' dir='ltr'>ihs</span> <span class='ocrx_word' id='word_1_254' title='bbox 1270 1037 1420 1138; x_wconf 54' lang='lat' dir='ltr'>tantur?</span> 
     </span>
     <span class='ocr_line' id='line_1_68' title="bbox 1413 1092 1479 1124; baseline 0.015 -1"><span class='ocrx_word' id='word_1_255' title='bbox 1413 1092 1479 1124; x_wconf 69' lang='grc' dir='ltr'>ἰθ-</span> 
     </span>
     <span class='ocr_line' id='line_1_69' title="bbox 979 1140 1416 1192; baseline -0.007 -12"><span class='ocrx_word' id='word_1_256' title='bbox 979 1141 1086 1192; x_wconf 88' lang='lat' dir='ltr'>poris</span> <span class='ocrx_word' id='word_1_257' title='bbox 1104 1140 1309 1178; x_wconf 87' lang='lat' dir='ltr'>uobiscum</span> <span class='ocrx_word' id='word_1_258' title='bbox 1330 1151 1416 1177; x_wconf 89' lang='lat' dir='ltr'>sum</span> 
     </span>
     <span class='ocr_line' id='line_1_70' title="bbox 979 1194 1374 1244; baseline -0.008 -10"><span class='ocrx_word' id='word_1_259' title='bbox 979 1202 1018 1234; x_wconf 91' lang='lat' dir='ltr'>et</span> <span class='ocrx_word' id='word_1_260' title='bbox 1038 1207 1118 1234; x_wconf 92' lang='lat' dir='ltr'>non</span> <span class='ocrx_word' id='word_1_261' title='bbox 1138 1194 1374 1244; x_wconf 89' lang='lat' dir='ltr'>cognouistis</span> 
     </span>
     <span class='ocr_line' id='line_1_71' title="bbox 978 1247 1444 1300; baseline -0.004 -12"><span class='ocrx_word' id='word_1_262' title='bbox 978 1261 1042 1288; x_wconf 92' lang='lat' dir='ltr'>me</span> <span class='ocrx_word' id='word_1_263' title='bbox 1082 1249 1252 1300; x_wconf 89' lang='lat' dir='ltr'>philippe</span> <span class='ocrx_word' id='word_1_264' title='bbox 1268 1248 1333 1299; x_wconf 93' lang='lat' dir='ltr'>qui</span> <span class='ocrx_word' id='word_1_265' title='bbox 1348 1247 1444 1286; x_wconf 91' lang='lat' dir='ltr'>uidit</span> 
     </span>
     <span class='ocr_line' id='line_1_72' title="bbox 978 1303 1384 1353; baseline -0.007 -11"><span class='ocrx_word' id='word_1_266' title='bbox 978 1315 1041 1342; x_wconf 90' lang='lat' dir='ltr'>me</span> <span class='ocrx_word' id='word_1_267' title='bbox 1061 1303 1157 1342; x_wconf 87' lang='lat' dir='ltr'>uidit</span> <span class='ocrx_word' id='word_1_268' title='bbox 1176 1309 1214 1341; x_wconf 93' lang='lat' dir='ltr'>et</span> <span class='ocrx_word' id='word_1_269' title='bbox 1235 1309 1384 1353; x_wconf 88' lang='lat' dir='ltr'>patrem</span> 
     </span>
     <span class='ocr_line' id='line_1_73' title="bbox 979 1357 1356 1409; baseline -0.008 -13"><span class='ocrx_word' id='word_1_270' title='bbox 979 1357 1178 1409; x_wconf 91' lang='lat' dir='ltr'>quomodo</span> <span class='ocrx_word' id='word_1_271' title='bbox 1197 1362 1239 1393; x_wconf 93' lang='lat' dir='ltr'>tu</span> <span class='ocrx_word' id='word_1_272' title='bbox 1260 1357 1356 1394; x_wconf 86' lang='lat' dir='ltr'>dicis</span> 
     </span>
     <span class='ocr_line' id='line_1_74' title="bbox 978 1411 1431 1460; baseline -0.007 -10"><span class='ocrx_word' id='word_1_273' title='bbox 978 1412 1139 1450; x_wconf 87' lang='lat' dir='ltr'>ostende</span> <span class='ocrx_word' id='word_1_274' title='bbox 1160 1411 1273 1449; x_wconf 90' lang='lat' dir='ltr'>nobis</span> <span class='ocrx_word' id='word_1_275' title='bbox 1292 1417 1431 1460; x_wconf 66' lang='lat' dir='ltr'>patre*</span> 
     </span>
     <span class='ocr_line' id='line_1_75' title="bbox 978 1465 1442 1514; baseline -0.002 -10"><span class='ocrx_word' id='word_1_276' title='bbox 978 1465 1093 1504; x_wconf 84' lang='lat' dir='ltr'>¹⁰non</span> <span class='ocrx_word' id='word_1_277' title='bbox 1113 1465 1237 1504; x_wconf 90' lang='lat' dir='ltr'>credis</span> <span class='ocrx_word' id='word_1_278' title='bbox 1257 1465 1347 1514; x_wconf 91' lang='lat' dir='ltr'>quia</span> <span class='ocrx_word' id='word_1_279' title='bbox 1367 1476 1442 1514; x_wconf 89' lang='lat' dir='ltr'>ego</span> 
     </span>
     <span class='ocr_line' id='line_1_76' title="bbox 978 1520 1371 1570; baseline -0.005 -12"><span class='ocrx_word' id='word_1_280' title='bbox 978 1520 1017 1558; x_wconf 90' lang='lat' dir='ltr'>in</span> <span class='ocrx_word' id='word_1_281' title='bbox 1037 1527 1186 1570; x_wconf 89' lang='lat' dir='ltr'>patrem</span> <span class='ocrx_word' id='word_1_282' title='bbox 1205 1525 1243 1557; x_wconf 92' lang='lat' dir='ltr'>et</span> <span class='ocrx_word' id='word_1_283' title='bbox 1262 1525 1371 1569; x_wconf 87' lang='lat' dir='ltr'>pater</span> 
     </span>
     <span class='ocr_line' id='line_1_77' title="bbox 978 1574 1423 1623; baseline -0.002 -11"><span class='ocrx_word' id='word_1_284' title='bbox 978 1575 1017 1612; x_wconf 91' lang='lat' dir='ltr'>in</span> <span class='ocrx_word' id='word_1_285' title='bbox 1037 1587 1100 1612; x_wconf 89' lang='lat' dir='ltr'>me</span> <span class='ocrx_word' id='word_1_286' title='bbox 1119 1580 1177 1612; x_wconf 90' lang='lat' dir='ltr'>est</span> <span class='ocrx_word' id='word_1_287' title='bbox 1209 1574 1329 1611; x_wconf 85' lang='lat' dir='ltr'>uerba</span> <span class='ocrx_word' id='word_1_288' title='bbox 1348 1584 1423 1623; x_wconf 88' lang='lat' dir='ltr'>que</span> 
     </span>
     <span class='ocr_line' id='line_1_78' title="bbox 977 1627 1343 1679; baseline -0.005 -11"><span class='ocrx_word' id='word_1_289' title='bbox 977 1641 1054 1679; x_wconf 88' lang='lat' dir='ltr'>ego</span> <span class='ocrx_word' id='word_1_290' title='bbox 1072 1628 1212 1679; x_wconf 92' lang='lat' dir='ltr'>loquor</span> <span class='ocrx_word' id='word_1_291' title='bbox 1230 1627 1343 1666; x_wconf 92' lang='lat' dir='ltr'>uobis</span> 
     </span>
    </p>
   </div>
   <div class='ocr_carea' id='block_1_8' title="bbox 975 1768 1478 3117">
    <p class='ocr_par' dir='ltr' id='par_1_31' title="bbox 975 1768 1478 3117">
     <span class='ocr_line' id='line_1_79' title="bbox 977 1768 1460 1819; baseline -0.002 -12"><span class='ocrx_word' id='word_1_292' title='bbox 977 1769 1014 1807; x_wconf 90' lang='lat' dir='ltr'>A</span> <span class='ocrx_word' id='word_1_293' title='bbox 1033 1781 1096 1807; x_wconf 89' lang='lat' dir='ltr'>me</span> <span class='ocrx_word' id='word_1_294' title='bbox 1116 1769 1202 1819; x_wconf 89' lang='lat' dir='ltr'>ipso</span> <span class='ocrx_word' id='word_1_295' title='bbox 1221 1781 1302 1808; x_wconf 91' lang='lat' dir='ltr'>non</span> <span class='ocrx_word' id='word_1_296' title='bbox 1321 1768 1460 1819; x_wconf 90' lang='lat' dir='ltr'>loquor</span> 
     </span>
     <span class='ocr_line' id='line_1_80' title="bbox 977 1823 1464 1874; baseline -0.004 -12"><span class='ocrx_word' id='word_1_297' title='bbox 977 1830 1086 1874; x_wconf 84' lang='lat' dir='ltr'>pater</span> <span class='ocrx_word' id='word_1_298' title='bbox 1105 1829 1235 1862; x_wconf 89' lang='lat' dir='ltr'>autem</span> <span class='ocrx_word' id='word_1_299' title='bbox 1254 1823 1321 1873; x_wconf 89' lang='lat' dir='ltr'>qui</span> <span class='ocrx_word' id='word_1_300' title='bbox 1341 1823 1380 1860; x_wconf 92' lang='lat' dir='ltr'>in</span> <span class='ocrx_word' id='word_1_301' title='bbox 1400 1835 1464 1860; x_wconf 90' lang='lat' dir='ltr'>me</span> 
     </span>
     <span class='ocr_line' id='line_1_81' title="bbox 977 1877 1397 1927; baseline -0.002 -11"><span class='ocrx_word' id='word_1_302' title='bbox 977 1884 1110 1916; x_wconf 90' lang='lat' dir='ltr'>manet</span> <span class='ocrx_word' id='word_1_303' title='bbox 1127 1877 1210 1927; x_wconf 89' lang='lat' dir='ltr'>ipse</span> <span class='ocrx_word' id='word_1_304' title='bbox 1228 1877 1397 1927; x_wconf 92' lang='lat' dir='ltr'>loquitur</span> 
     </span>
     <span class='ocr_line' id='line_1_82' title="bbox 978 1931 1393 1982; baseline 0 -12"><span class='ocrx_word' id='word_1_305' title='bbox 978 1940 1016 1970; x_wconf 93' lang='lat' dir='ltr'>et</span> <span class='ocrx_word' id='word_1_306' title='bbox 1035 1944 1155 1982; x_wconf 89' lang='lat' dir='ltr'>opera</span> <span class='ocrx_word' id='word_1_307' title='bbox 1174 1943 1273 1981; x_wconf 89' lang='lat' dir='ltr'>quae</span> <span class='ocrx_word' id='word_1_308' title='bbox 1292 1931 1393 1970; x_wconf 90' lang='lat' dir='ltr'>facio</span> 
     </span>
     <span class='ocr_line' id='line_1_83' title="bbox 978 1985 1439 2036; baseline -0.002 -12"><span class='ocrx_word' id='word_1_309' title='bbox 978 1987 1061 2036; x_wconf 91' lang='lat' dir='ltr'>ipse</span> <span class='ocrx_word' id='word_1_310' title='bbox 1080 1985 1171 2025; x_wconf 90' lang='lat' dir='ltr'>facit</span> <span class='ocrx_word' id='word_1_311' title='bbox 1189 1985 1366 2025; x_wconf 89' lang='lat' dir='ltr'>11credite</span> <span class='ocrx_word' id='word_1_312' title='bbox 1384 1985 1439 2024; x_wconf 90' lang='lat' dir='ltr'>mi</span> 
     </span>
     <span class='ocr_line' id='line_1_84' title="bbox 978 2040 1449 2091; baseline -0.002 -13"><span class='ocrx_word' id='word_1_313' title='bbox 978 2040 1017 2078; x_wconf 90' lang='lat' dir='ltr'>hi</span> <span class='ocrx_word' id='word_1_314' title='bbox 1035 2040 1126 2091; x_wconf 91' lang='lat' dir='ltr'>quia</span> <span class='ocrx_word' id='word_1_315' title='bbox 1144 2052 1220 2090; x_wconf 90' lang='lat' dir='ltr'>ego</span> <span class='ocrx_word' id='word_1_316' title='bbox 1240 2040 1281 2077; x_wconf 86' lang='lat' dir='ltr'>in</span> <span class='ocrx_word' id='word_1_317' title='bbox 1300 2047 1449 2090; x_wconf 89' lang='lat' dir='ltr'>patrem</span> 
     </span>
     <span class='ocr_line' id='line_1_85' title="bbox 978 2094 1478 2145; baseline 0.002 -14"><span class='ocrx_word' id='word_1_318' title='bbox 978 2101 1015 2132; x_wconf 94' lang='lat' dir='ltr'>et</span> <span class='ocrx_word' id='word_1_319' title='bbox 1034 2101 1143 2144; x_wconf 89' lang='lat' dir='ltr'>pater</span> <span class='ocrx_word' id='word_1_320' title='bbox 1162 2095 1202 2132; x_wconf 91' lang='lat' dir='ltr'>in</span> <span class='ocrx_word' id='word_1_321' title='bbox 1222 2106 1284 2133; x_wconf 88' lang='lat' dir='ltr'>me</span> <span class='ocrx_word' id='word_1_322' title='bbox 1304 2094 1478 2145; x_wconf 72' lang='lat' dir='ltr'>alioqui—</span> 
     </span>
     <span class='ocr_line' id='line_1_86' title="bbox 978 2148 1391 2198; baseline 0 -12"><span class='ocrx_word' id='word_1_323' title='bbox 978 2155 1134 2198; x_wconf 91' lang='lat' dir='ltr'>propter</span> <span class='ocrx_word' id='word_1_324' title='bbox 1151 2148 1215 2187; x_wconf 92' lang='lat' dir='ltr'>uel</span> <span class='ocrx_word' id='word_1_325' title='bbox 1234 2155 1391 2198; x_wconf 89' lang='lat' dir='ltr'>propter</span> 
     </span>
     <span class='ocr_line' id='line_1_87' title="bbox 978 2202 1476 2296; baseline 0.004 -2"><span class='ocrx_word' id='word_1_326' title='bbox 978 2203 1351 2296; x_wconf 55' lang='grc' dir='ltr'>ῧὲἳὲἶέῗὲἓῗὲῗὲ</span> <span class='ocrx_word' id='word_1_327' title='bbox 1363 2202 1476 2296; x_wconf 57' lang='grc' dir='ltr'>ἰῖἰξξῖε</span> 
     </span>
     <span class='ocr_line' id='line_1_88' title="bbox 1291 2270 1300 2294; baseline 0 0"><span class='ocrx_word' id='word_1_328' title='bbox 1291 2270 1300 2294; x_wconf 85' lang='grc' dir='ltr'><strong>ι</strong></span> 
     </span>
     <span class='ocr_line' id='line_1_89' title="bbox 977 2310 1433 2361; baseline 0.002 -14"><span class='ocrx_word' id='word_1_329' title='bbox 977 2310 1068 2360; x_wconf 90' lang='lat' dir='ltr'>quia</span> <span class='ocrx_word' id='word_1_330' title='bbox 1087 2311 1153 2361; x_wconf 92' lang='lat' dir='ltr'>qui</span> <span class='ocrx_word' id='word_1_331' title='bbox 1172 2311 1291 2349; x_wconf 92' lang='lat' dir='ltr'>credit</span> <span class='ocrx_word' id='word_1_332' title='bbox 1310 2311 1351 2348; x_wconf 91' lang='lat' dir='ltr'>in</span> <span class='ocrx_word' id='word_1_333' title='bbox 1370 2323 1433 2349; x_wconf 89' lang='lat' dir='ltr'>me</span> 
     </span>
     <span class='ocr_line' id='line_1_90' title="bbox 977 2364 1426 2414; baseline 0.002 -12"><span class='ocrx_word' id='word_1_334' title='bbox 977 2376 1096 2414; x_wconf 88' lang='lat' dir='ltr'>opera</span> <span class='ocrx_word' id='word_1_335' title='bbox 1115 2376 1213 2414; x_wconf 88' lang='lat' dir='ltr'>quae</span> <span class='ocrx_word' id='word_1_336' title='bbox 1233 2377 1308 2414; x_wconf 90' lang='lat' dir='ltr'>ego</span> <span class='ocrx_word' id='word_1_337' title='bbox 1326 2364 1426 2403; x_wconf 87' lang='lat' dir='ltr'>facio</span> 
     </span>
     <span class='ocr_line' id='line_1_91' title="bbox 977 2418 1404 2468; baseline 0 -12"><span class='ocrx_word' id='word_1_338' title='bbox 977 2418 1093 2456; x_wconf 86' lang='lat' dir='ltr'>etiam</span> <span class='ocrx_word' id='word_1_339' title='bbox 1112 2419 1194 2468; x_wconf 91' lang='lat' dir='ltr'>ipse</span> <span class='ocrx_word' id='word_1_340' title='bbox 1213 2418 1327 2457; x_wconf 89' lang='lat' dir='ltr'>faciet</span> <span class='ocrx_word' id='word_1_341' title='bbox 1365 2425 1404 2456; x_wconf 91' lang='lat' dir='ltr'>et</span> 
     </span>
     <span class='ocr_line' id='line_1_92' title="bbox 976 2471 1409 2511; baseline 0 -1"><span class='ocrx_word' id='word_1_342' title='bbox 976 2472 1124 2511; x_wconf 87' lang='lat' dir='ltr'>maiora</span> <span class='ocrx_word' id='word_1_343' title='bbox 1141 2484 1275 2511; x_wconf 89' lang='lat' dir='ltr'>eorum</span> <span class='ocrx_word' id='word_1_344' title='bbox 1295 2471 1409 2511; x_wconf 88' lang='lat' dir='ltr'>faciet</span> 
     </span>
     <span class='ocr_line' id='line_1_93' title="bbox 976 2526 1402 2577; baseline -0.002 -12"><span class='ocrx_word' id='word_1_345' title='bbox 976 2526 1067 2577; x_wconf 89' lang='lat' dir='ltr'>quia</span> <span class='ocrx_word' id='word_1_346' title='bbox 1086 2538 1162 2576; x_wconf 90' lang='lat' dir='ltr'>ego</span> <span class='ocrx_word' id='word_1_347' title='bbox 1182 2526 1232 2564; x_wconf 91' lang='lat' dir='ltr'>ad</span> <span class='ocrx_word' id='word_1_348' title='bbox 1254 2533 1402 2577; x_wconf 90' lang='lat' dir='ltr'>patrem</span> 
     </span>
     <span class='ocr_line' id='line_1_94' title="bbox 975 2579 1441 2631; baseline 0.002 -12"><span class='ocrx_word' id='word_1_349' title='bbox 975 2580 1080 2619; x_wconf 89' lang='lat' dir='ltr'>uado</span> <span class='ocrx_word' id='word_1_350' title='bbox 1153 2579 1224 2618; x_wconf 81' lang='lat' dir='ltr'>¹³et</span> <span class='ocrx_word' id='word_1_351' title='bbox 1243 2581 1441 2631; x_wconf 89' lang='lat' dir='ltr'>quodcum</span> 
     </span>
     <span class='ocr_line' id='line_1_95' title="bbox 976 2633 1438 2685; baseline 0.004 -13"><span class='ocrx_word' id='word_1_352' title='bbox 976 2647 1051 2685; x_wconf 90' lang='lat' dir='ltr'>que</span> <span class='ocrx_word' id='word_1_353' title='bbox 1069 2633 1251 2685; x_wconf 88' lang='lat' dir='ltr'>petieritis</span> <span class='ocrx_word' id='word_1_354' title='bbox 1270 2635 1309 2673; x_wconf 91' lang='lat' dir='ltr'>in</span> <span class='ocrx_word' id='word_1_355' title='bbox 1329 2635 1438 2674; x_wconf 90' lang='lat' dir='ltr'>nomi</span> 
     </span>
     <span class='ocr_line' id='line_1_96' title="bbox 976 2688 1389 2739; baseline 0 -12"><span class='ocrx_word' id='word_1_356' title='bbox 976 2700 1026 2727; x_wconf 91' lang='lat' dir='ltr'>ne</span> <span class='ocrx_word' id='word_1_357' title='bbox 1046 2700 1135 2728; x_wconf 89' lang='lat' dir='ltr'>meo</span> <span class='ocrx_word' id='word_1_358' title='bbox 1156 2701 1231 2739; x_wconf 89' lang='lat' dir='ltr'>ego</span> <span class='ocrx_word' id='word_1_359' title='bbox 1250 2688 1389 2728; x_wconf 89' lang='lat' dir='ltr'>faciam</span> 
     </span>
     <span class='ocr_line' id='line_1_97' title="bbox 976 2742 1390 2794; baseline 0.002 -14"><span class='ocrx_word' id='word_1_360' title='bbox 976 2749 1018 2780; x_wconf 93' lang='lat' dir='ltr'>ut</span> <span class='ocrx_word' id='word_1_361' title='bbox 1036 2742 1262 2782; x_wconf 87' lang='lat' dir='ltr'>clarificetur</span> <span class='ocrx_word' id='word_1_362' title='bbox 1280 2750 1390 2794; x_wconf 87' lang='lat' dir='ltr'>pater</span> 
     </span>
     <span class='ocr_line' id='line_1_98' title="bbox 975 2797 1385 2849; baseline 0.002 -14"><span class='ocrx_word' id='word_1_363' title='bbox 975 2797 1015 2835; x_wconf 91' lang='lat' dir='ltr'>in</span> <span class='ocrx_word' id='word_1_364' title='bbox 1035 2797 1114 2836; x_wconf 89' lang='lat' dir='ltr'>filio</span> <span class='ocrx_word' id='word_1_365' title='bbox 1151 2797 1223 2837; x_wconf 67' lang='lat' dir='ltr'>¹‘et</span> <span class='ocrx_word' id='word_1_366' title='bbox 1243 2797 1274 2836; x_wconf 89' lang='lat' dir='ltr'>si</span> <span class='ocrx_word' id='word_1_367' title='bbox 1293 2797 1385 2849; x_wconf 92' lang='lat' dir='ltr'>quid</span> 
     </span>
     <span class='ocr_line' id='line_1_99' title="bbox 1376 2850 1474 2906; baseline -0.01 -15"><span class='ocrx_word' id='word_1_368' title='bbox 1376 2850 1474 2906; x_wconf 91' lang='lat' dir='ltr'>[peti</span> 
     </span>
     <span class='ocr_line' id='line_1_100' title="bbox 976 2904 1410 2956; baseline 0.009 -15"><span class='ocrx_word' id='word_1_369' title='bbox 976 2904 1076 2942; x_wconf 90' lang='lat' dir='ltr'>eritis</span> <span class='ocrx_word' id='word_1_370' title='bbox 1096 2917 1119 2943; x_wconf 90' lang='lat' dir='ltr'>a</span> <span class='ocrx_word' id='word_1_371' title='bbox 1137 2912 1243 2956; x_wconf 89' lang='lat' dir='ltr'>patre</span> <span class='ocrx_word' id='word_1_372' title='bbox 1261 2918 1353 2946; x_wconf 90' lang='lat' dir='ltr'>meo</span> <span class='ocrx_word' id='word_1_373' title='bbox 1369 2906 1410 2945; x_wconf 88' lang='lat' dir='ltr'>in</span> 
     </span>
     <span class='ocr_line' id='line_1_101' title="bbox 977 2959 1394 3011; baseline 0.01 -16"><span class='ocrx_word' id='word_1_374' title='bbox 977 2959 1134 2998; x_wconf 91' lang='lat' dir='ltr'>nomine</span> <span class='ocrx_word' id='word_1_375' title='bbox 1154 2971 1244 2999; x_wconf 90' lang='lat' dir='ltr'>meo</span> <span class='ocrx_word' id='word_1_376' title='bbox 1262 2972 1337 3011; x_wconf 89' lang='lat' dir='ltr'>ego</span> <span class='ocrx_word' id='word_1_377' title='bbox 1355 2960 1394 2999; x_wconf 89' lang='lat' dir='ltr'>fa</span> 
     </span>
     <span class='ocr_line' id='line_1_102' title="bbox 977 3011 1476 3066; baseline 0.004 -16"><span class='ocrx_word' id='word_1_378' title='bbox 977 3012 1077 3050; x_wconf 88' lang='lat' dir='ltr'>ciam</span> <span class='ocrx_word' id='word_1_379' title='bbox 1322 3011 1340 3066; x_wconf 92' lang='lat'>[</span> <span class='ocrx_word' id='word_1_380' title='bbox 1346 3021 1476 3064; x_wconf 83' lang='lat' dir='ltr'>precep</span> 
     </span>
     <span class='ocr_line' id='line_1_103' title="bbox 979 3065 1476 3117; baseline 0.008 -15"><span class='ocrx_word' id='word_1_381' title='bbox 979 3065 1150 3103; x_wconf 67' lang='grc' dir='ltr'>ΧΧιΙιιιῙ5</span> <span class='ocrx_word' id='word_1_382' title='bbox 1173 3066 1224 3105; x_wconf 86' lang='lat' dir='ltr'>Si</span> <span class='ocrx_word' id='word_1_383' title='bbox 1239 3068 1399 3117; x_wconf 63' lang='lat' dir='ltr'>dilzgrzm</span> <span class='ocrx_word' id='word_1_384' title='bbox 1422 3081 1476 3106; x_wconf 87' lang='lat' dir='ltr'>me</span> 
     </span>
    </p>
   </div>
   <div class='ocr_carea' id='block_1_9' title="bbox 1869 201 2584 256">
    <p class='ocr_par' dir='ltr' id='par_1_32' title="bbox 1869 201 2584 256">
     <span class='ocr_line' id='line_1_104' title="bbox 1869 201 2584 256; baseline 0.001 -16"><span class='ocrx_word' id='word_1_385' title='bbox 1869 201 2209 242; x_wconf 80' lang='lat' dir='ltr'><em>IOHANNEM</em></span> <span class='ocrx_word' id='word_1_386' title='bbox 2280 201 2379 256; x_wconf 86' lang='lat' dir='ltr'>[xm.</span> <span class='ocrx_word' id='word_1_387' title='bbox 2403 215 2532 251; x_wconf 75' lang='lat' dir='ltr'>33—xv.</span> <span class='ocrx_word' id='word_1_388' title='bbox 2553 219 2584 242; x_wconf 82' lang='lat'>2.</span> 
     </span>
    </p>
   </div>
   <div class='ocr_carea' id='block_1_10' title="bbox 1554 288 2024 370">
    <p class='ocr_par' dir='ltr' id='par_1_33' title="bbox 1554 288 2024 370">
     <span class='ocr_line' id='line_1_105' title="bbox 1554 288 1711 322; baseline 0.013 -4"><span class='ocrx_word' id='word_1_389' title='bbox 1554 288 1639 320; x_wconf 68' lang='lat'><strong>1¹01.</strong></span> <span class='ocrx_word' id='word_1_390' title='bbox 1654 289 1711 322; x_wconf 81' lang='lat'>75.</span> 
     </span>
     <span class='ocr_line' id='line_1_106' title="bbox 1555 330 2024 370; baseline 0.002 -1"><span class='ocrx_word' id='word_1_391' title='bbox 1555 330 1619 369; x_wconf 91' lang='lat' dir='ltr'>Ta</span> <span class='ocrx_word' id='word_1_392' title='bbox 1638 343 1725 369; x_wconf 88' lang='lat' dir='ltr'>mea</span> <span class='ocrx_word' id='word_1_393' title='bbox 1744 332 1933 370; x_wconf 89' lang='lat' dir='ltr'>custodite</span> <span class='ocrx_word' id='word_1_394' title='bbox 1951 331 2024 370; x_wconf 85' lang='lat' dir='ltr'>¹⁰et</span> 
     </span>
    </p>
   </div>
   <div class='ocr_carea' id='block_1_11' title="bbox 1546 386 2047 1614">
    <p class='ocr_par' dir='ltr' id='par_1_34' title="bbox 1546 386 2047 1614">
     <span class='ocr_line' id='line_1_107' title="bbox 1553 386 1968 436; baseline 0.002 -13"><span class='ocrx_word' id='word_1_395' title='bbox 1553 397 1628 435; x_wconf 90' lang='lat' dir='ltr'>ego</span> <span class='ocrx_word' id='word_1_396' title='bbox 1647 386 1797 436; x_wconf 85' lang='lat' dir='ltr'>rogabo</span> <span class='ocrx_word' id='word_1_397' title='bbox 1818 391 1968 435; x_wconf 89' lang='lat' dir='ltr'>patrem</span> 
     </span>
     <span class='ocr_line' id='line_1_108' title="bbox 1553 439 1974 489; baseline 0.002 -12"><span class='ocrx_word' id='word_1_398' title='bbox 1553 446 1591 477; x_wconf 89' lang='lat' dir='ltr'>et</span> <span class='ocrx_word' id='word_1_399' title='bbox 1610 439 1728 477; x_wconf 86' lang='lat' dir='ltr'>aliurn</span> <span class='ocrx_word' id='word_1_400' title='bbox 1747 439 1974 489; x_wconf 87' lang='lat' dir='ltr'>paraclitum</span> 
     </span>
     <span class='ocr_line' id='line_1_109' title="bbox 1554 492 1985 532; baseline 0.002 -1"><span class='ocrx_word' id='word_1_401' title='bbox 1554 492 1660 531; x_wconf 90' lang='lat' dir='ltr'>dabit</span> <span class='ocrx_word' id='word_1_402' title='bbox 1680 494 1793 532; x_wconf 89' lang='lat' dir='ltr'>uobis</span> <span class='ocrx_word' id='word_1_403' title='bbox 1811 499 1852 531; x_wconf 94' lang='lat' dir='ltr'>ut</span> <span class='ocrx_word' id='word_1_404' title='bbox 1872 494 1985 532; x_wconf 92' lang='lat' dir='ltr'>uobis</span> 
     </span>
     <span class='ocr_line' id='line_1_110' title="bbox 1553 547 1963 586; baseline 0.002 -2"><span class='ocrx_word' id='word_1_405' title='bbox 1553 559 1642 585; x_wconf 90' lang='lat' dir='ltr'>cum</span> <span class='ocrx_word' id='word_1_406' title='bbox 1662 547 1768 585; x_wconf 84' lang='lat' dir='ltr'>sitin</span> <span class='ocrx_word' id='word_1_407' title='bbox 1787 554 1963 586; x_wconf 87' lang='lat' dir='ltr'>eternum</span> 
     </span>
     <span class='ocr_line' id='line_1_111' title="bbox 1552 600 2000 653; baseline 0.002 -14"><span class='ocrx_word' id='word_1_408' title='bbox 1552 600 1673 651; x_wconf 73' lang='lat' dir='ltr'>¹⁷spm</span> <span class='ocrx_word' id='word_1_409' title='bbox 1692 602 1863 640; x_wconf 90' lang='lat' dir='ltr'>ueritatis</span> <span class='ocrx_word' id='word_1_410' title='bbox 1882 614 2000 653; x_wconf 89' lang='lat' dir='ltr'>quem</span> 
     </span>
     <span class='ocr_line' id='line_1_112' title="bbox 1552 655 1971 706; baseline 0.002 -14"><span class='ocrx_word' id='word_1_411' title='bbox 1552 655 1721 694; x_wconf 88' lang='lat' dir='ltr'>mundus</span> <span class='ocrx_word' id='word_1_412' title='bbox 1741 667 1821 694; x_wconf 91' lang='lat' dir='ltr'>non</span> <span class='ocrx_word' id='word_1_413' title='bbox 1842 662 1971 706; x_wconf 91' lang='lat' dir='ltr'>potest</span> 
     </span>
     <span class='ocr_line' id='line_1_113' title="bbox 1552 709 1942 760; baseline 0.003 -13"><span class='ocrx_word' id='word_1_414' title='bbox 1552 709 1732 759; x_wconf 88' lang='lat' dir='ltr'>adcipere</span> <span class='ocrx_word' id='word_1_415' title='bbox 1751 710 1842 760; x_wconf 92' lang='lat' dir='ltr'>quia</span> <span class='ocrx_word' id='word_1_416' title='bbox 1862 722 1942 748; x_wconf 92' lang='lat' dir='ltr'>non</span> 
     </span>
     <span class='ocr_line' id='line_1_114' title="bbox 1551 763 1962 815; baseline 0.005 -14"><span class='ocrx_word' id='word_1_417' title='bbox 1551 763 1647 801; x_wconf 90' lang='lat' dir='ltr'>uidit</span> <span class='ocrx_word' id='word_1_418' title='bbox 1666 775 1756 803; x_wconf 89' lang='lat' dir='ltr'>eum</span> <span class='ocrx_word' id='word_1_419' title='bbox 1795 776 1867 803; x_wconf 91' lang='lat' dir='ltr'>nec</span> <span class='ocrx_word' id='word_1_420' title='bbox 1886 776 1962 815; x_wconf 90' lang='lat' dir='ltr'>cog</span> 
     </span>
     <span class='ocr_line' id='line_1_115' title="bbox 1551 818 1996 856; baseline 0 0"><span class='ocrx_word' id='word_1_421' title='bbox 1551 818 1677 856; x_wconf 89' lang='lat' dir='ltr'>noscit</span> <span class='ocrx_word' id='word_1_422' title='bbox 1696 830 1786 856; x_wconf 89' lang='lat' dir='ltr'>eum</span> <span class='ocrx_word' id='word_1_423' title='bbox 1854 830 1927 856; x_wconf 87' lang='lat' dir='ltr'>uos</span> <span class='ocrx_word' id='word_1_424' title='bbox 1947 830 1996 856; x_wconf 90' lang='lat' dir='ltr'>au</span> 
     </span>
     <span class='ocr_line' id='line_1_116' title="bbox 1551 872 1989 923; baseline 0.002 -14"><span class='ocrx_word' id='word_1_425' title='bbox 1551 877 1630 909; x_wconf 89' lang='lat' dir='ltr'>tem</span> <span class='ocrx_word' id='word_1_426' title='bbox 1649 872 1769 911; x_wconf 91' lang='lat' dir='ltr'>nostis</span> <span class='ocrx_word' id='word_1_427' title='bbox 1788 883 1875 911; x_wconf 90' lang='lat' dir='ltr'>eum</span> <span class='ocrx_word' id='word_1_428' title='bbox 1897 873 1989 923; x_wconf 91' lang='lat' dir='ltr'>quia</span> 
     </span>
     <span class='ocr_line' id='line_1_117' title="bbox 1550 932 2012 975; baseline 0.004 -12"><span class='ocrx_word' id='word_1_429' title='bbox 1550 932 1644 975; x_wconf 89' lang='lat' dir='ltr'>aput</span> <span class='ocrx_word' id='word_1_430' title='bbox 1662 938 1735 964; x_wconf 93' lang='lat' dir='ltr'>uos</span> <span class='ocrx_word' id='word_1_431' title='bbox 1753 932 1886 965; x_wconf 90' lang='lat' dir='ltr'>manet</span> <span class='ocrx_word' id='word_1_432' title='bbox 1903 933 1941 964; x_wconf 92' lang='lat' dir='ltr'>et</span> <span class='ocrx_word' id='word_1_433' title='bbox 1959 939 2012 966; x_wconf 92' lang='lat' dir='ltr'>uo</span> 
     </span>
     <span class='ocr_line' id='line_1_118' title="bbox 1550 979 1967 1019; baseline 0.002 -1"><span class='ocrx_word' id='word_1_434' title='bbox 1550 980 1701 1019; x_wconf 88' lang='lat' dir='ltr'>hiscum</span> <span class='ocrx_word' id='word_1_435' title='bbox 1720 986 1780 1019; x_wconf 90' lang='lat' dir='ltr'>est</span> <span class='ocrx_word' id='word_1_436' title='bbox 1852 979 1967 1019; x_wconf 80' lang='lat' dir='ltr'>¹⁸non</span> 
     </span>
     <span class='ocr_line' id='line_1_119' title="bbox 1550 1033 1955 1085; baseline 0.002 -13"><span class='ocrx_word' id='word_1_437' title='bbox 1550 1045 1622 1072; x_wconf 92' lang='lat' dir='ltr'>uos</span> <span class='ocrx_word' id='word_1_438' title='bbox 1641 1033 1853 1085; x_wconf 88' lang='lat' dir='ltr'>relinquam</span> <span class='ocrx_word' id='word_1_439' title='bbox 1871 1035 1955 1073; x_wconf 87' lang='lat' dir='ltr'>orsa</span> 
     </span>
     <span class='ocr_line' id='line_1_120' title="bbox 1550 1088 1918 1128; baseline 0.005 -3"><span class='ocrx_word' id='word_1_440' title='bbox 1550 1099 1622 1126; x_wconf 90' lang='lat' dir='ltr'>nos</span> <span class='ocrx_word' id='word_1_441' title='bbox 1642 1088 1758 1127; x_wconf 90' lang='lat' dir='ltr'>uenio</span> <span class='ocrx_word' id='word_1_442' title='bbox 1777 1088 1827 1127; x_wconf 91' lang='lat' dir='ltr'>ad</span> <span class='ocrx_word' id='word_1_443' title='bbox 1846 1100 1918 1128; x_wconf 94' lang='lat' dir='ltr'>uos</span> 
     </span>
     <span class='ocr_line' id='line_1_121' title="bbox 1549 1140 1999 1182; baseline 0.004 -3"><span class='ocrx_word' id='word_1_444' title='bbox 1549 1140 1722 1181; x_wconf 77' lang='lat' dir='ltr'>¹⁹Adhuc</span> <span class='ocrx_word' id='word_1_445' title='bbox 1740 1142 1941 1182; x_wconf 89' lang='lat' dir='ltr'>modicum</span> <span class='ocrx_word' id='word_1_446' title='bbox 1960 1149 1999 1182; x_wconf 85' lang='lat' dir='ltr'>et</span> 
     </span>
     <span class='ocr_line' id='line_1_122' title="bbox 1548 1196 1998 1237; baseline 0.007 -4"><span class='ocrx_word' id='word_1_447' title='bbox 1548 1196 1717 1235; x_wconf 89' lang='lat' dir='ltr'>mundus</span> <span class='ocrx_word' id='word_1_448' title='bbox 1736 1209 1800 1236; x_wconf 92' lang='lat' dir='ltr'>me</span> <span class='ocrx_word' id='word_1_449' title='bbox 1819 1197 1897 1235; x_wconf 91' lang='lat' dir='ltr'>iam</span> <span class='ocrx_word' id='word_1_450' title='bbox 1916 1209 1998 1237; x_wconf 89' lang='lat' dir='ltr'>non</span> 
     </span>
     <span class='ocr_line' id='line_1_123' title="bbox 1549 1250 1953 1290; baseline 0.005 -3"><span class='ocrx_word' id='word_1_451' title='bbox 1549 1250 1654 1289; x_wconf 88' lang='lat' dir='ltr'>uidet</span> <span class='ocrx_word' id='word_1_452' title='bbox 1673 1262 1746 1290; x_wconf 91' lang='lat' dir='ltr'>uos</span> <span class='ocrx_word' id='word_1_453' title='bbox 1764 1257 1894 1290; x_wconf 91' lang='lat' dir='ltr'>autem</span> <span class='ocrx_word' id='word_1_454' title='bbox 1915 1252 1953 1289; x_wconf 91' lang='lat' dir='ltr'>ui</span> 
     </span>
     <span class='ocr_line' id='line_1_124' title="bbox 1547 1304 2010 1356; baseline 0.002 -14"><span class='ocrx_word' id='word_1_455' title='bbox 1547 1304 1645 1342; x_wconf 90' lang='lat' dir='ltr'>detis</span> <span class='ocrx_word' id='word_1_456' title='bbox 1663 1316 1727 1343; x_wconf 91' lang='lat' dir='ltr'>me</span> <span class='ocrx_word' id='word_1_457' title='bbox 1766 1305 1858 1356; x_wconf 90' lang='lat' dir='ltr'>quia</span> <span class='ocrx_word' id='word_1_458' title='bbox 1877 1317 1952 1356; x_wconf 89' lang='lat' dir='ltr'>ego</span> <span class='ocrx_word' id='word_1_459' title='bbox 1971 1306 2010 1343; x_wconf 93' lang='lat' dir='ltr'>ui</span> 
     </span>
     <span class='ocr_line' id='line_1_125' title="bbox 1547 1359 2001 1398; baseline 0.004 -2"><span class='ocrx_word' id='word_1_460' title='bbox 1547 1370 1599 1397; x_wconf 94' lang='lat' dir='ltr'>uo</span> <span class='ocrx_word' id='word_1_461' title='bbox 1618 1365 1656 1397; x_wconf 91' lang='lat' dir='ltr'>et</span> <span class='ocrx_word' id='word_1_462' title='bbox 1674 1370 1748 1397; x_wconf 92' lang='lat' dir='ltr'>uos</span> <span class='ocrx_word' id='word_1_463' title='bbox 1766 1359 1905 1397; x_wconf 82' lang='lat' dir='ltr'>uinetis</span> <span class='ocrx_word' id='word_1_464' title='bbox 1924 1359 2001 1398; x_wconf 77' lang='lat' dir='ltr'>²⁰in</span> 
     </span>
     <span class='ocr_line' id='line_1_126' title="bbox 1546 1412 1954 1464; baseline 0.005 -14"><span class='ocrx_word' id='word_1_465' title='bbox 1546 1412 1610 1451; x_wconf 89' lang='lat' dir='ltr'>illa</span> <span class='ocrx_word' id='word_1_466' title='bbox 1629 1412 1690 1451; x_wconf 91' lang='lat' dir='ltr'>die</span> <span class='ocrx_word' id='word_1_467' title='bbox 1709 1414 1954 1464; x_wconf 87' lang='lat' dir='ltr'>cognoscetis</span> 
     </span>
     <span class='ocr_line' id='line_1_127' title="bbox 1547 1467 2028 1518; baseline 0.004 -14"><span class='ocrx_word' id='word_1_468' title='bbox 1547 1478 1617 1505; x_wconf 91' lang='lat' dir='ltr'>uos</span> <span class='ocrx_word' id='word_1_469' title='bbox 1655 1467 1746 1517; x_wconf 91' lang='lat' dir='ltr'>quia</span> <span class='ocrx_word' id='word_1_470' title='bbox 1764 1479 1840 1518; x_wconf 88' lang='lat' dir='ltr'>ego</span> <span class='ocrx_word' id='word_1_471' title='bbox 1860 1468 1900 1505; x_wconf 87' lang='lat' dir='ltr'>in</span> <span class='ocrx_word' id='word_1_472' title='bbox 1918 1474 2028 1518; x_wconf 90' lang='lat' dir='ltr'>patre</span> 
     </span>
     <span class='ocr_line' id='line_1_128' title="bbox 1549 1522 2047 1572; baseline 0.004 -14"><span class='ocrx_word' id='word_1_473' title='bbox 1549 1532 1638 1560; x_wconf 91' lang='lat' dir='ltr'>meo</span> <span class='ocrx_word' id='word_1_474' title='bbox 1651 1527 1690 1559; x_wconf 92' lang='lat' dir='ltr'>et</span> <span class='ocrx_word' id='word_1_475' title='bbox 1703 1533 1777 1560; x_wconf 91' lang='lat' dir='ltr'>uos</span> <span class='ocrx_word' id='word_1_476' title='bbox 1791 1522 1831 1559; x_wconf 91' lang='lat' dir='ltr'>in</span> <span class='ocrx_word' id='word_1_477' title='bbox 1845 1533 1909 1560; x_wconf 89' lang='lat' dir='ltr'>me</span> <span class='ocrx_word' id='word_1_478' title='bbox 1921 1527 1959 1560; x_wconf 94' lang='lat' dir='ltr'>et</span> <span class='ocrx_word' id='word_1_479' title='bbox 1970 1534 2047 1572; x_wconf 92' lang='lat' dir='ltr'>ego</span> 
     </span>
     <span class='ocr_line' id='line_1_129' title="bbox 1546 1575 1722 1614; baseline 0.006 -1"><span class='ocrx_word' id='word_1_480' title='bbox 1546 1575 1587 1613; x_wconf 93' lang='lat' dir='ltr'>in</span> <span class='ocrx_word' id='word_1_481' title='bbox 1607 1575 1722 1614; x_wconf 91' lang='lat' dir='ltr'>uobis</span> 
     </span>
    </p>
   </div>
   <div class='ocr_carea' id='block_1_12' title="bbox 1542 1770 2044 3070">
    <p class='ocr_par' dir='ltr' id='par_1_35' title="bbox 1544 1770 1999 1866">
     <span class='ocr_line' id='line_1_130' title="bbox 1544 1770 1999 1822; baseline 0.002 -12"><span class='ocrx_word' id='word_1_482' title='bbox 1544 1770 1571 1793; x_wconf 83' lang='lat'>²¹</span> <span class='ocrx_word' id='word_1_483' title='bbox 1581 1771 1661 1819; x_wconf 89' lang='lat' dir='ltr'>Qui</span> <span class='ocrx_word' id='word_1_484' title='bbox 1680 1771 1796 1810; x_wconf 90' lang='lat' dir='ltr'>habet</span> <span class='ocrx_word' id='word_1_485' title='bbox 1815 1779 1999 1822; x_wconf 88' lang='lat' dir='ltr'>precepta</span> 
     </span>
     <span class='ocr_line' id='line_1_131' title="bbox 1545 1827 1948 1866; baseline 0 -2"><span class='ocrx_word' id='word_1_486' title='bbox 1545 1838 1634 1864; x_wconf 91' lang='lat' dir='ltr'>mea</span> <span class='ocrx_word' id='word_1_487' title='bbox 1654 1833 1691 1864; x_wconf 89' lang='lat' dir='ltr'>et</span> <span class='ocrx_word' id='word_1_488' title='bbox 1711 1833 1837 1864; x_wconf 90' lang='lat' dir='ltr'>seruat</span> <span class='ocrx_word' id='word_1_489' title='bbox 1857 1839 1904 1866; x_wconf 91' lang='lat' dir='ltr'>ea</span> <span class='ocrx_word' id='word_1_490' title='bbox 1922 1827 1948 1864; x_wconf 94' lang='lat' dir='ltr'>il</span> 
     </span>
    </p>

    <p class='ocr_par' dir='ltr' id='par_1_36' title="bbox 1545 1880 2002 2147">
     <span class='ocr_line' id='line_1_132' title="bbox 1545 1880 1965 1931; baseline -0.002 -12"><span class='ocrx_word' id='word_1_491' title='bbox 1545 1880 1581 1919; x_wconf 93' lang='lat' dir='ltr'>le</span> <span class='ocrx_word' id='word_1_492' title='bbox 1599 1887 1657 1919; x_wconf 91' lang='lat' dir='ltr'>est</span> <span class='ocrx_word' id='word_1_493' title='bbox 1676 1881 1741 1931; x_wconf 92' lang='lat' dir='ltr'>qui</span> <span class='ocrx_word' id='word_1_494' title='bbox 1761 1881 1883 1931; x_wconf 91' lang='lat' dir='ltr'>diligit</span> <span class='ocrx_word' id='word_1_495' title='bbox 1901 1893 1965 1919; x_wconf 90' lang='lat' dir='ltr'>me</span> 
     </span>
     <span class='ocr_line' id='line_1_133' title="bbox 1546 1935 2002 1985; baseline 0.004 -13"><span class='ocrx_word' id='word_1_496' title='bbox 1546 1935 1725 1984; x_wconf 88' lang='lat' dir='ltr'>diligetur</span> <span class='ocrx_word' id='word_1_497' title='bbox 1743 1947 1767 1973; x_wconf 90' lang='lat' dir='ltr'>a</span> <span class='ocrx_word' id='word_1_498' title='bbox 1785 1941 1893 1985; x_wconf 90' lang='lat' dir='ltr'>patre</span> <span class='ocrx_word' id='word_1_499' title='bbox 1912 1947 2002 1974; x_wconf 90' lang='lat' dir='ltr'>meo</span> 
     </span>
     <span class='ocr_line' id='line_1_134' title="bbox 1545 1989 1966 2039; baseline 0 -12"><span class='ocrx_word' id='word_1_500' title='bbox 1545 1995 1584 2027; x_wconf 91' lang='lat' dir='ltr'>et</span> <span class='ocrx_word' id='word_1_501' title='bbox 1602 2001 1677 2039; x_wconf 89' lang='lat' dir='ltr'>ego</span> <span class='ocrx_word' id='word_1_502' title='bbox 1697 1989 1855 2039; x_wconf 89' lang='lat' dir='ltr'>diligam</span> <span class='ocrx_word' id='word_1_503' title='bbox 1875 2001 1966 2028; x_wconf 87' lang='lat' dir='ltr'>eum</span> 
     </span>
     <span class='ocr_line' id='line_1_135' title="bbox 1545 2043 1967 2082; baseline 0.005 -2"><span class='ocrx_word' id='word_1_504' title='bbox 1545 2049 1583 2081; x_wconf 92' lang='lat' dir='ltr'>et</span> <span class='ocrx_word' id='word_1_505' title='bbox 1602 2043 1859 2082; x_wconf 90' lang='lat' dir='ltr'>manifestabo</span> <span class='ocrx_word' id='word_1_506' title='bbox 1877 2055 1967 2082; x_wconf 90' lang='lat' dir='ltr'>eum</span> 
     </span>
     <span class='ocr_line' id='line_1_136' title="bbox 1545 2097 1811 2147; baseline -0.004 -12"><span class='ocrx_word' id='word_1_507' title='bbox 1545 2097 1580 2135; x_wconf 92' lang='lat' dir='ltr'>ei</span> <span class='ocrx_word' id='word_1_508' title='bbox 1599 2109 1662 2135; x_wconf 88' lang='lat' dir='ltr'>me</span> <span class='ocrx_word' id='word_1_509' title='bbox 1682 2097 1811 2147; x_wconf 90' lang='lat' dir='ltr'>ipsum</span> 
     </span>
    </p>

    <p class='ocr_par' dir='ltr' id='par_1_37' title="bbox 1544 2150 2011 2309">
     <span class='ocr_line' id='line_1_137' title="bbox 1545 2150 2011 2191; baseline 0.004 -3"><span class='ocrx_word' id='word_1_510' title='bbox 1545 2150 1645 2189; x_wconf 78' lang='lat' dir='ltr'>²²Ait</span> <span class='ocrx_word' id='word_1_511' title='bbox 1666 2151 1701 2189; x_wconf 91' lang='lat' dir='ltr'>ei</span> <span class='ocrx_word' id='word_1_512' title='bbox 1720 2151 1829 2189; x_wconf 88' lang='lat' dir='ltr'>iudas</span> <span class='ocrx_word' id='word_1_513' title='bbox 1848 2163 1930 2190; x_wconf 89' lang='lat' dir='ltr'>non</span> <span class='ocrx_word' id='word_1_514' title='bbox 1948 2151 2011 2191; x_wconf 90' lang='lat' dir='ltr'>ille</span> 
     </span>
     <span class='ocr_line' id='line_1_138' title="bbox 1545 2205 1917 2244; baseline 0.003 -1"><span class='ocrx_word' id='word_1_515' title='bbox 1545 2205 1713 2244; x_wconf 89' lang='lat' dir='ltr'>scarioht</span> <span class='ocrx_word' id='word_1_516' title='bbox 1733 2205 1803 2243; x_wconf 90' lang='lat' dir='ltr'>sed</span> <span class='ocrx_word' id='word_1_517' title='bbox 1821 2205 1917 2244; x_wconf 90' lang='lat' dir='ltr'>alius</span> 
     </span>
     <span class='ocr_line' id='line_1_139' title="bbox 1544 2259 1896 2309; baseline 0.003 -12"><span class='ocrx_word' id='word_1_518' title='bbox 1544 2259 1620 2297; x_wconf 76' lang='lat' dir='ltr'>dfie</span> <span class='ocrx_word' id='word_1_519' title='bbox 1638 2259 1732 2309; x_wconf 93' lang='lat' dir='ltr'>quid</span> <span class='ocrx_word' id='word_1_520' title='bbox 1750 2260 1896 2298; x_wconf 90' lang='lat' dir='ltr'>factum</span> 
     </span>
    </p>

    <p class='ocr_par' dir='ltr' id='par_1_38' title="bbox 1543 2313 1999 2460">
     <span class='ocr_line' id='line_1_140' title="bbox 1543 2313 1999 2364; baseline 0.002 -14"><span class='ocrx_word' id='word_1_521' title='bbox 1543 2320 1601 2351; x_wconf 90' lang='lat' dir='ltr'>est</span> <span class='ocrx_word' id='word_1_522' title='bbox 1620 2314 1711 2363; x_wconf 87' lang='lat' dir='ltr'>quia</span> <span class='ocrx_word' id='word_1_523' title='bbox 1730 2314 1843 2352; x_wconf 91' lang='lat' dir='ltr'>nobis</span> <span class='ocrx_word' id='word_1_524' title='bbox 1863 2313 1999 2364; x_wconf 89' lang='lat' dir='ltr'>incipis</span> 
     </span>
     <span class='ocr_line' id='line_1_141' title="bbox 1544 2367 1976 2417; baseline 0 -12"><span class='ocrx_word' id='word_1_525' title='bbox 1544 2368 1788 2406; x_wconf 88' lang='lat' dir='ltr'>manifestare</span> <span class='ocrx_word' id='word_1_526' title='bbox 1806 2374 1843 2406; x_wconf 90' lang='lat' dir='ltr'>te</span> <span class='ocrx_word' id='word_1_527' title='bbox 1863 2367 1976 2417; x_wconf 67' lang='lat' dir='ltr'>ipsu*</span> 
     </span>
     <span class='ocr_line' id='line_1_142' title="bbox 1544 2421 1959 2460; baseline 0.005 -2"><span class='ocrx_word' id='word_1_528' title='bbox 1544 2427 1582 2459; x_wconf 93' lang='lat' dir='ltr'>et</span> <span class='ocrx_word' id='word_1_529' title='bbox 1602 2433 1682 2459; x_wconf 92' lang='lat' dir='ltr'>non</span> <span class='ocrx_word' id='word_1_530' title='bbox 1701 2421 1790 2460; x_wconf 90' lang='lat' dir='ltr'>huic</span> <span class='ocrx_word' id='word_1_531' title='bbox 1811 2421 1959 2460; x_wconf 89' lang='lat' dir='ltr'>mundo</span> 
     </span>
    </p>

    <p class='ocr_par' dir='ltr' id='par_1_39' title="bbox 1542 2475 2044 2742">
     <span class='ocr_line' id='line_1_143' title="bbox 1544 2475 2044 2525; baseline 0.002 -12"><span class='ocrx_word' id='word_1_532' title='bbox 1544 2475 1573 2497; x_wconf 68' lang='lat'>⁵⁸</span> <span class='ocrx_word' id='word_1_533' title='bbox 1581 2475 1799 2525; x_wconf 91' lang='lat' dir='ltr'>Respondit</span> <span class='ocrx_word' id='word_1_534' title='bbox 1817 2475 1876 2513; x_wconf 82' lang='lat' dir='ltr'>ihs</span> <span class='ocrx_word' id='word_1_535' title='bbox 1895 2481 1934 2513; x_wconf 89' lang='lat' dir='ltr'>et</span> <span class='ocrx_word' id='word_1_536' title='bbox 1953 2475 2044 2516; x_wconf 88' lang='lat' dir='ltr'>dicit</span> 
     </span>
     <span class='ocr_line' id='line_1_144' title="bbox 1544 2529 1957 2580; baseline 0 -12"><span class='ocrx_word' id='word_1_537' title='bbox 1544 2529 1579 2568; x_wconf 88' lang='lat' dir='ltr'>ei</span> <span class='ocrx_word' id='word_1_538' title='bbox 1598 2529 1630 2568; x_wconf 92' lang='lat' dir='ltr'>si</span> <span class='ocrx_word' id='word_1_539' title='bbox 1649 2529 1735 2580; x_wconf 90' lang='lat' dir='ltr'>quis</span> <span class='ocrx_word' id='word_1_540' title='bbox 1754 2529 1875 2580; x_wconf 89' lang='lat' dir='ltr'>diligit</span> <span class='ocrx_word' id='word_1_541' title='bbox 1893 2541 1957 2568; x_wconf 89' lang='lat' dir='ltr'>me</span> 
     </span>
     <span class='ocr_line' id='line_1_145' title="bbox 1544 2595 1920 2622; baseline 0.003 -1"><span class='ocrx_word' id='word_1_542' title='bbox 1544 2595 1767 2622; x_wconf 88' lang='lat' dir='ltr'>sermonem</span> <span class='ocrx_word' id='word_1_543' title='bbox 1786 2595 1920 2622; x_wconf 89' lang='lat' dir='ltr'>meum</span> 
     </span>
     <span class='ocr_line' id='line_1_146' title="bbox 1544 2638 1917 2688; baseline 0 -12"><span class='ocrx_word' id='word_1_544' title='bbox 1544 2638 1711 2676; x_wconf 89' lang='lat' dir='ltr'>seruabit</span> <span class='ocrx_word' id='word_1_545' title='bbox 1751 2644 1789 2676; x_wconf 89' lang='lat' dir='ltr'>et</span> <span class='ocrx_word' id='word_1_546' title='bbox 1808 2644 1917 2688; x_wconf 87' lang='lat' dir='ltr'>pater</span> 
     </span>
     <span class='ocr_line' id='line_1_147' title="bbox 1542 2691 1902 2742; baseline 0.003 -13"><span class='ocrx_word' id='word_1_547' title='bbox 1542 2703 1653 2730; x_wconf 90' lang='lat' dir='ltr'>meus</span> <span class='ocrx_word' id='word_1_548' title='bbox 1672 2691 1793 2742; x_wconf 90' lang='lat' dir='ltr'>diligit</span> <span class='ocrx_word' id='word_1_549' title='bbox 1811 2703 1902 2730; x_wconf 92' lang='lat' dir='ltr'>eum</span> 
     </span>
    </p>

    <p class='ocr_par' dir='ltr' id='par_1_40' title="bbox 1542 2746 1893 2785">
     <span class='ocr_line' id='line_1_148' title="bbox 1542 2746 1893 2785; baseline 0 -1"><span class='ocrx_word' id='word_1_550' title='bbox 1542 2752 1580 2784; x_wconf 93' lang='lat' dir='ltr'>et</span> <span class='ocrx_word' id='word_1_551' title='bbox 1600 2746 1651 2785; x_wconf 93' lang='lat' dir='ltr'>ad</span> <span class='ocrx_word' id='word_1_552' title='bbox 1671 2758 1759 2785; x_wconf 90' lang='lat' dir='ltr'>eum</span> <span class='ocrx_word' id='word_1_553' title='bbox 1778 2746 1893 2785; x_wconf 90' lang='lat' dir='ltr'>uenie</span> 
     </span>
    </p>

    <p class='ocr_par' dir='ltr' id='par_1_41' title="bbox 1542 2806 1908 2894">
     <span class='ocr_line' id='line_1_149' title="bbox 1543 2806 1908 2851; baseline 0.005 -14"><span class='ocrx_word' id='word_1_554' title='bbox 1543 2811 1629 2839; x_wconf 90' lang='lat' dir='ltr'>mus</span> <span class='ocrx_word' id='word_1_555' title='bbox 1648 2806 1686 2838; x_wconf 90' lang='lat' dir='ltr'>et</span> <span class='ocrx_word' id='word_1_556' title='bbox 1704 2807 1798 2851; x_wconf 89' lang='lat' dir='ltr'>aput</span> <span class='ocrx_word' id='word_1_557' title='bbox 1817 2812 1908 2839; x_wconf 89' lang='lat' dir='ltr'>eum</span> 
     </span>
     <span class='ocr_line' id='line_1_150' title="bbox 1542 2854 1898 2894; baseline 0.003 -2"><span class='ocrx_word' id='word_1_558' title='bbox 1542 2854 1785 2894; x_wconf 88' lang='lat' dir='ltr'>mansionem</span> <span class='ocrx_word' id='word_1_559' title='bbox 1802 2854 1898 2894; x_wconf 83' lang='lat' dir='ltr'>facie</span> 
     </span>
    </p>

    <p class='ocr_par' dir='ltr' id='par_1_42' title="bbox 1543 2920 1631 2946">
     <span class='ocr_line' id='line_1_151' title="bbox 1543 2920 1631 2946; baseline 0 0"><span class='ocrx_word' id='word_1_560' title='bbox 1543 2920 1631 2946; x_wconf 87' lang='lat' dir='ltr'>mus</span> 
     </span>
    </p>

    <p class='ocr_par' dir='ltr' id='par_1_43' title="bbox 1542 2961 2042 3070">
     <span class='ocr_line' id='line_1_152' title="bbox 1542 2961 2042 3013; baseline 0.004 -13"><span class='ocrx_word' id='word_1_561' title='bbox 1542 2962 1656 3010; x_wconf 77' lang='lat' dir='ltr'>“Qui</span> <span class='ocrx_word' id='word_1_562' title='bbox 1671 2974 1751 3001; x_wconf 93' lang='lat' dir='ltr'>non</span> <span class='ocrx_word' id='word_1_563' title='bbox 1763 2961 1883 3013; x_wconf 87' lang='lat' dir='ltr'>diligit</span> <span class='ocrx_word' id='word_1_564' title='bbox 1898 2973 1961 3002; x_wconf 90' lang='lat' dir='ltr'>me</span> <span class='ocrx_word' id='word_1_565' title='bbox 1980 2974 2042 3002; x_wconf 90' lang='lat' dir='ltr'>ser</span> 
     </span>
     <span class='ocr_line' id='line_1_153' title="bbox 1542 3027 1909 3070; baseline 0 -16"><span class='ocrx_word' id='word_1_566' title='bbox 1542 3028 1680 3056; x_wconf 88' lang='lat' dir='ltr'>mones</span> <span class='ocrx_word' id='word_1_567' title='bbox 1699 3027 1810 3070; x_wconf 81' lang='lat' dir='ltr'>meos</span> <span class='ocrx_word' id='word_1_568' title='bbox 1828 3028 1909 3055; x_wconf 89' lang='lat' dir='ltr'>non</span> 
     </span>
    </p>
   </div>
   <div class='ocr_carea' id='block_1_13' title="bbox 2080 332 2583 1626">
    <p class='ocr_par' dir='ltr' id='par_1_44' title="bbox 2087 332 2425 373">
     <span class='ocr_line' id='line_1_154' title="bbox 2087 332 2425 373; baseline 0.003 -1"><span class='ocrx_word' id='word_1_569' title='bbox 2087 332 2223 372; x_wconf 85' lang='lat' dir='ltr'>Seruat</span> <span class='ocrx_word' id='word_1_570' title='bbox 2295 345 2425 373; x_wconf 90' lang='lat' dir='ltr'>sermo</span> 
     </span>
    </p>

    <p class='ocr_par' dir='ltr' id='par_1_45' title="bbox 2084 387 2562 546">
     <span class='ocr_line' id='line_1_155' title="bbox 2085 387 2489 439; baseline 0 -13"><span class='ocrx_word' id='word_1_571' title='bbox 2085 399 2175 426; x_wconf 91' lang='lat' dir='ltr'>nem</span> <span class='ocrx_word' id='word_1_572' title='bbox 2195 399 2312 439; x_wconf 88' lang='lat' dir='ltr'>quem</span> <span class='ocrx_word' id='word_1_573' title='bbox 2332 387 2489 426; x_wconf 89' lang='lat' dir='ltr'>audistis</span> 
     </span>
     <span class='ocr_line' id='line_1_156' title="bbox 2084 441 2562 481; baseline 0.002 -2"><span class='ocrx_word' id='word_1_574' title='bbox 2084 453 2195 480; x_wconf 90' lang='lat' dir='ltr'>meus</span> <span class='ocrx_word' id='word_1_575' title='bbox 2214 453 2295 480; x_wconf 90' lang='lat' dir='ltr'>non</span> <span class='ocrx_word' id='word_1_576' title='bbox 2314 448 2372 481; x_wconf 88' lang='lat' dir='ltr'>est</span> <span class='ocrx_word' id='word_1_577' title='bbox 2390 441 2460 480; x_wconf 90' lang='lat' dir='ltr'>sed</span> <span class='ocrx_word' id='word_1_578' title='bbox 2480 441 2562 480; x_wconf 85' lang='lat' dir='ltr'>eius</span> 
     </span>
     <span class='ocr_line' id='line_1_157' title="bbox 2084 495 2490 546; baseline 0.002 -13"><span class='ocrx_word' id='word_1_579' title='bbox 2084 495 2151 544; x_wconf 92' lang='lat' dir='ltr'>qui</span> <span class='ocrx_word' id='word_1_580' title='bbox 2170 507 2233 534; x_wconf 91' lang='lat' dir='ltr'>me</span> <span class='ocrx_word' id='word_1_581' title='bbox 2252 496 2354 534; x_wconf 91' lang='lat' dir='ltr'>misit</span> <span class='ocrx_word' id='word_1_582' title='bbox 2372 496 2490 546; x_wconf 86' lang='lat' dir='ltr'>patris</span> 
     </span>
    </p>

    <p class='ocr_par' dir='ltr' id='par_1_46' title="bbox 2083 548 2582 653">
     <span class='ocr_line' id='line_1_158' title="bbox 2083 548 2582 589; baseline 0.002 -2"><span class='ocrx_word' id='word_1_583' title='bbox 2083 548 2113 570; x_wconf 74' lang='lat'>²⁶</span> <span class='ocrx_word' id='word_1_584' title='bbox 2121 549 2231 588; x_wconf 90' lang='lat' dir='ltr'>Haec</span> <span class='ocrx_word' id='word_1_585' title='bbox 2250 549 2402 589; x_wconf 89' lang='lat' dir='ltr'>locutus</span> <span class='ocrx_word' id='word_1_586' title='bbox 2424 561 2511 588; x_wconf 90' lang='lat' dir='ltr'>sum</span> <span class='ocrx_word' id='word_1_587' title='bbox 2529 561 2582 588; x_wconf 91' lang='lat' dir='ltr'>uo</span> 
     </span>
     <span class='ocr_line' id='line_1_159' title="bbox 2085 603 2529 653; baseline 0.002 -12"><span class='ocrx_word' id='word_1_588' title='bbox 2085 603 2144 642; x_wconf 88' lang='lat' dir='ltr'>bis</span> <span class='ocrx_word' id='word_1_589' title='bbox 2164 610 2256 653; x_wconf 87' lang='lat' dir='ltr'>aput</span> <span class='ocrx_word' id='word_1_590' title='bbox 2275 615 2347 642; x_wconf 90' lang='lat' dir='ltr'>uos</span> <span class='ocrx_word' id='word_1_591' title='bbox 2366 616 2529 643; x_wconf 87' lang='lat' dir='ltr'>manens</span> 
     </span>
    </p>

    <p class='ocr_par' dir='ltr' id='par_1_47' title="bbox 2082 656 2552 1030">
     <span class='ocr_line' id='line_1_160' title="bbox 2084 656 2551 707; baseline 0.002 -12"><span class='ocrx_word' id='word_1_592' title='bbox 2084 656 2113 679; x_wconf 78' lang='lat'>²⁸</span> <span class='ocrx_word' id='word_1_593' title='bbox 2120 657 2324 707; x_wconf 87' lang='lat' dir='ltr'>paraclitus</span> <span class='ocrx_word' id='word_1_594' title='bbox 2342 664 2471 696; x_wconf 89' lang='lat' dir='ltr'>autern</span> <span class='ocrx_word' id='word_1_595' title='bbox 2490 657 2551 696; x_wconf 92' lang='lat' dir='ltr'>ille</span> 
     </span>
     <span class='ocr_line' id='line_1_161' title="bbox 2085 712 2552 762; baseline 0.002 -13"><span class='ocrx_word' id='word_1_596' title='bbox 2085 714 2152 761; x_wconf 80' lang='lat' dir='ltr'>sps</span> <span class='ocrx_word' id='word_1_597' title='bbox 2170 717 2326 750; x_wconf 83' lang='lat' dir='ltr'>sanctus</span> <span class='ocrx_word' id='word_1_598' title='bbox 2345 723 2462 762; x_wconf 90' lang='lat' dir='ltr'>quem</span> <span class='ocrx_word' id='word_1_599' title='bbox 2481 712 2552 750; x_wconf 87' lang='lat' dir='ltr'>mit</span> 
     </span>
     <span class='ocr_line' id='line_1_162' title="bbox 2084 766 2500 815; baseline 0.002 -12"><span class='ocrx_word' id='word_1_600' title='bbox 2084 771 2139 803; x_wconf 91' lang='lat' dir='ltr'>tet</span> <span class='ocrx_word' id='word_1_601' title='bbox 2157 771 2266 815; x_wconf 90' lang='lat' dir='ltr'>pater</span> <span class='ocrx_word' id='word_1_602' title='bbox 2285 766 2325 803; x_wconf 93' lang='lat' dir='ltr'>in</span> <span class='ocrx_word' id='word_1_603' title='bbox 2343 766 2500 804; x_wconf 91' lang='lat' dir='ltr'>nomine</span> 
     </span>
     <span class='ocr_line' id='line_1_163' title="bbox 2084 819 2519 858; baseline 0.005 -2"><span class='ocrx_word' id='word_1_604' title='bbox 2084 830 2174 857; x_wconf 90' lang='lat' dir='ltr'>meo</span> <span class='ocrx_word' id='word_1_605' title='bbox 2193 819 2255 857; x_wconf 90' lang='lat' dir='ltr'>ille</span> <span class='ocrx_word' id='word_1_606' title='bbox 2274 831 2346 858; x_wconf 91' lang='lat' dir='ltr'>uos</span> <span class='ocrx_word' id='word_1_607' title='bbox 2364 819 2519 858; x_wconf 90' lang='lat' dir='ltr'>docebit</span> 
     </span>
     <span class='ocr_line' id='line_1_164' title="bbox 2084 873 2489 923; baseline 0.002 -13"><span class='ocrx_word' id='word_1_608' title='bbox 2084 873 2216 911; x_wconf 89' lang='lat' dir='ltr'>omnia</span> <span class='ocrx_word' id='word_1_609' title='bbox 2251 879 2289 911; x_wconf 91' lang='lat' dir='ltr'>et</span> <span class='ocrx_word' id='word_1_610' title='bbox 2309 879 2489 923; x_wconf 89' lang='lat' dir='ltr'>suggeret</span> 
     </span>
     <span class='ocr_line' id='line_1_165' title="bbox 2083 927 2533 978; baseline 0.002 -13"><span class='ocrx_word' id='word_1_611' title='bbox 2083 927 2194 965; x_wconf 90' lang='lat' dir='ltr'>uobis</span> <span class='ocrx_word' id='word_1_612' title='bbox 2214 928 2345 966; x_wconf 87' lang='lat' dir='ltr'>omnia</span> <span class='ocrx_word' id='word_1_613' title='bbox 2364 939 2533 978; x_wconf 88' lang='lat' dir='ltr'>quecum</span> 
     </span>
     <span class='ocr_line' id='line_1_166' title="bbox 2082 981 2311 1030; baseline 0.009 -12"><span class='ocrx_word' id='word_1_614' title='bbox 2082 993 2158 1030; x_wconf 91' lang='lat' dir='ltr'>que</span> <span class='ocrx_word' id='word_1_615' title='bbox 2177 981 2311 1020; x_wconf 87' lang='lat' dir='ltr'>dixero</span> 
     </span>
    </p>

    <p class='ocr_par' dir='ltr' id='par_1_48' title="bbox 2082 1033 2583 1139">
     <span class='ocr_line' id='line_1_167' title="bbox 2082 1033 2583 1086; baseline 0.002 -13"><span class='ocrx_word' id='word_1_616' title='bbox 2082 1033 2261 1074; x_wconf 83' lang='lat' dir='ltr'>²⁷Pacem</span> <span class='ocrx_word' id='word_1_617' title='bbox 2273 1047 2401 1074; x_wconf 89' lang='lat' dir='ltr'>meam</span> <span class='ocrx_word' id='word_1_618' title='bbox 2407 1035 2583 1086; x_wconf 88' lang='lat' dir='ltr'>relinquo</span> 
     </span>
     <span class='ocr_line' id='line_1_168' title="bbox 2082 1089 2500 1139; baseline 0.002 -12"><span class='ocrx_word' id='word_1_619' title='bbox 2082 1089 2194 1128; x_wconf 91' lang='lat' dir='ltr'>uobis</span> <span class='ocrx_word' id='word_1_620' title='bbox 2213 1101 2351 1139; x_wconf 85' lang='lat' dir='ltr'>pacem</span> <span class='ocrx_word' id='word_1_621' title='bbox 2371 1101 2500 1128; x_wconf 83' lang='lat' dir='ltr'>meam</span> 
     </span>
    </p>

    <p class='ocr_par' dir='ltr' id='par_1_49' title="bbox 2081 1143 2532 1236">
     <span class='ocr_line' id='line_1_169' title="bbox 2082 1143 2532 1194; baseline 0.002 -13"><span class='ocrx_word' id='word_1_622' title='bbox 2082 1143 2135 1183; x_wconf 93' lang='lat' dir='ltr'>do</span> <span class='ocrx_word' id='word_1_623' title='bbox 2153 1144 2266 1182; x_wconf 90' lang='lat' dir='ltr'>uobis</span> <span class='ocrx_word' id='word_1_624' title='bbox 2284 1156 2365 1182; x_wconf 92' lang='lat' dir='ltr'>non</span> <span class='ocrx_word' id='word_1_625' title='bbox 2384 1155 2532 1194; x_wconf 88' lang='lat' dir='ltr'>quomo</span> 
     </span>
     <span class='ocr_line' id='line_1_170' title="bbox 2081 1196 2486 1236; baseline 0.002 -1"><span class='ocrx_word' id='word_1_626' title='bbox 2081 1196 2134 1236; x_wconf 93' lang='lat' dir='ltr'>do</span> <span class='ocrx_word' id='word_1_627' title='bbox 2152 1197 2214 1236; x_wconf 92' lang='lat' dir='ltr'>hic</span> <span class='ocrx_word' id='word_1_628' title='bbox 2232 1197 2401 1236; x_wconf 91' lang='lat' dir='ltr'>mundus</span> <span class='ocrx_word' id='word_1_629' title='bbox 2420 1198 2486 1236; x_wconf 86' lang='lat' dir='ltr'>dat</span> 
     </span>
    </p>

    <p class='ocr_par' dir='ltr' id='par_1_50' title="bbox 2080 1251 2580 1626">
     <span class='ocr_line' id='line_1_171' title="bbox 2080 1251 2493 1302; baseline 0 -12"><span class='ocrx_word' id='word_1_630' title='bbox 2080 1263 2155 1302; x_wconf 89' lang='lat' dir='ltr'>ego</span> <span class='ocrx_word' id='word_1_631' title='bbox 2174 1251 2226 1289; x_wconf 93' lang='lat' dir='ltr'>do</span> <span class='ocrx_word' id='word_1_632' title='bbox 2244 1252 2358 1290; x_wconf 93' lang='lat' dir='ltr'>uobis</span> <span class='ocrx_word' id='word_1_633' title='bbox 2412 1264 2493 1290; x_wconf 93' lang='lat' dir='ltr'>non</span> 
     </span>
     <span class='ocr_line' id='line_1_172' title="bbox 2080 1306 2417 1344; baseline 0 0"><span class='ocrx_word' id='word_1_634' title='bbox 2080 1306 2331 1344; x_wconf 90' lang='lat' dir='ltr'>conturbetur</span> <span class='ocrx_word' id='word_1_635' title='bbox 2349 1318 2417 1344; x_wconf 89' lang='lat' dir='ltr'>cor</span> 
     </span>
     <span class='ocr_line' id='line_1_173' title="bbox 2080 1359 2478 1412; baseline 0 -15"><span class='ocrx_word' id='word_1_636' title='bbox 2080 1365 2253 1398; x_wconf 89' lang='lat' dir='ltr'>uestrum</span> <span class='ocrx_word' id='word_1_637' title='bbox 2272 1372 2398 1412; x_wconf 90' lang='lat' dir='ltr'>neque</span> <span class='ocrx_word' id='word_1_638' title='bbox 2417 1359 2478 1399; x_wconf 87' lang='lat' dir='ltr'>sor</span> 
     </span>
     <span class='ocr_line' id='line_1_174' title="bbox 2080 1411 2580 1467; baseline 0.002 -16"><span class='ocrx_word' id='word_1_639' title='bbox 2080 1413 2199 1452; x_wconf 88' lang='lat' dir='ltr'>midet</span> <span class='ocrx_word' id='word_1_640' title='bbox 2500 1411 2580 1467; x_wconf 87' lang='lat' dir='ltr'>[bis</span> 
     </span>
     <span class='ocr_line' id='line_1_175' title="bbox 2080 1467 2579 1518; baseline 0.002 -12"><span class='ocrx_word' id='word_1_641' title='bbox 2080 1467 2108 1490; x_wconf 79' lang='lat'>²⁸</span> <span class='ocrx_word' id='word_1_642' title='bbox 2115 1467 2288 1507; x_wconf 92' lang='lat' dir='ltr'>Audistis</span> <span class='ocrx_word' id='word_1_643' title='bbox 2308 1467 2399 1518; x_wconf 88' lang='lat' dir='ltr'>quia</span> <span class='ocrx_word' id='word_1_644' title='bbox 2417 1467 2495 1506; x_wconf 90' lang='lat' dir='ltr'>dixi</span> <span class='ocrx_word' id='word_1_645' title='bbox 2511 1480 2579 1507; x_wconf 93' lang='lat' dir='ltr'>uo·</span> 
     </span>
     <span class='ocr_line' id='line_1_176' title="bbox 2080 1522 2537 1561; baseline 0.004 -2"><span class='ocrx_word' id='word_1_646' title='bbox 2080 1522 2185 1560; x_wconf 91' lang='lat' dir='ltr'>uado</span> <span class='ocrx_word' id='word_1_647' title='bbox 2204 1528 2242 1561; x_wconf 93' lang='lat' dir='ltr'>et</span> <span class='ocrx_word' id='word_1_648' title='bbox 2259 1522 2375 1560; x_wconf 89' lang='lat' dir='ltr'>uenio</span> <span class='ocrx_word' id='word_1_649' title='bbox 2394 1522 2443 1560; x_wconf 94' lang='lat' dir='ltr'>ad</span> <span class='ocrx_word' id='word_1_650' title='bbox 2462 1533 2537 1561; x_wconf 89' lang='lat' dir='ltr'>uos</span> 
     </span>
     <span class='ocr_line' id='line_1_177' title="bbox 2080 1575 2505 1626; baseline 0 -12"><span class='ocrx_word' id='word_1_651' title='bbox 2080 1576 2111 1614; x_wconf 90' lang='lat' dir='ltr'>si</span> <span class='ocrx_word' id='word_1_652' title='bbox 2131 1575 2325 1626; x_wconf 90' lang='lat' dir='ltr'>diligeritis</span> <span class='ocrx_word' id='word_1_653' title='bbox 2343 1587 2407 1614; x_wconf 88' lang='lat' dir='ltr'>me</span> <span class='ocrx_word' id='word_1_654' title='bbox 2426 1587 2505 1626; x_wconf 89' lang='lat' dir='ltr'>gau</span> 
     </span>
    </p>
   </div>
   <div class='ocr_carea' id='block_1_14' title="bbox 2070 1771 2577 3067">
    <p class='ocr_par' dir='ltr' id='par_1_51' title="bbox 2079 1771 2496 1823">
     <span class='ocr_line' id='line_1_178' title="bbox 2079 1771 2496 1823; baseline 0.002 -13"><span class='ocrx_word' id='word_1_655' title='bbox 2079 1771 2222 1812; x_wconf 90' lang='lat' dir='ltr'>Deritis</span> <span class='ocrx_word' id='word_1_656' title='bbox 2240 1773 2426 1823; x_wconf 89' lang='lat' dir='ltr'>quoniam</span> <span class='ocrx_word' id='word_1_657' title='bbox 2445 1785 2496 1811; x_wconf 89' lang='lat' dir='ltr'>ua</span> 
     </span>
    </p>

    <p class='ocr_par' dir='ltr' id='par_1_52' title="bbox 2077 1826 2577 2082">
     <span class='ocr_line' id='line_1_179' title="bbox 2078 1826 2507 1879; baseline 0 -14"><span class='ocrx_word' id='word_1_658' title='bbox 2078 1826 2130 1865; x_wconf 92' lang='lat' dir='ltr'>do</span> <span class='ocrx_word' id='word_1_659' title='bbox 2149 1827 2200 1866; x_wconf 92' lang='lat' dir='ltr'>ad</span> <span class='ocrx_word' id='word_1_660' title='bbox 2219 1833 2367 1879; x_wconf 87' lang='lat' dir='ltr'>patrem</span> <span class='ocrx_word' id='word_1_661' title='bbox 2418 1827 2507 1878; x_wconf 89' lang='lat' dir='ltr'>quia</span> 
     </span>
     <span class='ocr_line' id='line_1_180' title="bbox 2077 1882 2487 1931; baseline 0.002 -12"><span class='ocrx_word' id='word_1_662' title='bbox 2077 1888 2185 1931; x_wconf 86' lang='lat' dir='ltr'>pater</span> <span class='ocrx_word' id='word_1_663' title='bbox 2204 1882 2327 1920; x_wconf 89' lang='lat' dir='ltr'>maior</span> <span class='ocrx_word' id='word_1_664' title='bbox 2345 1893 2410 1920; x_wconf 89' lang='lat' dir='ltr'>me</span> <span class='ocrx_word' id='word_1_665' title='bbox 2429 1887 2487 1920; x_wconf 88' lang='lat' dir='ltr'>est</span> 
     </span>
     <span class='ocr_line' id='line_1_181' title="bbox 2077 1935 2514 1985; baseline 0 -12"><span class='ocrx_word' id='word_1_666' title='bbox 2077 1936 2214 1974; x_wconf 79' lang='lat' dir='ltr'>²⁹nunc</span> <span class='ocrx_word' id='word_1_667' title='bbox 2233 1935 2312 1973; x_wconf 90' lang='lat' dir='ltr'>dixi</span> <span class='ocrx_word' id='word_1_668' title='bbox 2331 1935 2514 1985; x_wconf 85' lang='lat' dir='ltr'>quoniam</span> 
     </span>
     <span class='ocr_line' id='line_1_182' title="bbox 2077 1990 2577 2040; baseline 0 -13"><span class='ocrx_word' id='word_1_669' title='bbox 2077 1996 2168 2028; x_wconf 87' lang='lat' dir='ltr'>ante</span> <span class='ocrx_word' id='word_1_670' title='bbox 2187 2002 2306 2040; x_wconf 87' lang='lat' dir='ltr'>quam</span> <span class='ocrx_word' id='word_1_671' title='bbox 2325 1990 2390 2027; x_wconf 89' lang='lat' dir='ltr'>fiat</span> <span class='ocrx_word' id='word_1_672' title='bbox 2426 1995 2469 2027; x_wconf 89' lang='lat' dir='ltr'>ut</span> <span class='ocrx_word' id='word_1_673' title='bbox 2485 2001 2577 2027; x_wconf 90' lang='lat' dir='ltr'>cum</span> 
     </span>
     <span class='ocr_line' id='line_1_183' title="bbox 2078 2043 2486 2082; baseline -0.005 0"><span class='ocrx_word' id='word_1_674' title='bbox 2078 2043 2222 2082; x_wconf 87' lang='lat' dir='ltr'>facturn</span> <span class='ocrx_word' id='word_1_675' title='bbox 2242 2043 2353 2082; x_wconf 85' lang='lat' dir='ltr'>fuerit</span> <span class='ocrx_word' id='word_1_676' title='bbox 2371 2043 2486 2082; x_wconf 89' lang='lat' dir='ltr'>creda</span> 
     </span>
    </p>

    <p class='ocr_par' dir='ltr' id='par_1_53' title="bbox 2077 2097 2525 2202">
     <span class='ocr_line' id='line_1_184' title="bbox 2078 2097 2525 2136; baseline 0.002 -1"><span class='ocrx_word' id='word_1_677' title='bbox 2078 2098 2125 2135; x_wconf 89' lang='lat' dir='ltr'>tis</span> <span class='ocrx_word' id='word_1_678' title='bbox 2181 2097 2293 2136; x_wconf 78' lang='lat' dir='ltr'>⁸⁰iam</span> <span class='ocrx_word' id='word_1_679' title='bbox 2313 2109 2393 2136; x_wconf 93' lang='lat' dir='ltr'>non</span> <span class='ocrx_word' id='word_1_680' title='bbox 2413 2098 2525 2136; x_wconf 88' lang='lat' dir='ltr'>uobis</span> 
     </span>
     <span class='ocr_line' id='line_1_185' title="bbox 2077 2151 2453 2202; baseline 0 -13"><span class='ocrx_word' id='word_1_681' title='bbox 2077 2152 2198 2190; x_wconf 90' lang='lat' dir='ltr'>multa</span> <span class='ocrx_word' id='word_1_682' title='bbox 2215 2151 2351 2202; x_wconf 87' lang='lat' dir='ltr'>loquar</span> <span class='ocrx_word' id='word_1_683' title='bbox 2404 2163 2453 2189; x_wconf 89' lang='lat' dir='ltr'>ue</span> 
     </span>
    </p>

    <p class='ocr_par' dir='ltr' id='par_1_54' title="bbox 2076 2204 2525 2364">
     <span class='ocr_line' id='line_1_186' title="bbox 2077 2204 2525 2256; baseline 0.002 -13"><span class='ocrx_word' id='word_1_684' title='bbox 2077 2206 2134 2243; x_wconf 91' lang='lat' dir='ltr'>nit</span> <span class='ocrx_word' id='word_1_685' title='bbox 2154 2206 2256 2244; x_wconf 91' lang='lat' dir='ltr'>enim</span> <span class='ocrx_word' id='word_1_686' title='bbox 2275 2206 2453 2256; x_wconf 89' lang='lat' dir='ltr'>princeps</span> <span class='ocrx_word' id='word_1_687' title='bbox 2472 2204 2525 2244; x_wconf 92' lang='lat' dir='ltr'>hu</span> 
     </span>
     <span class='ocr_line' id='line_1_187' title="bbox 2076 2260 2505 2298; baseline -0.002 0"><span class='ocrx_word' id='word_1_688' title='bbox 2076 2260 2136 2298; x_wconf 91' lang='lat' dir='ltr'>ius</span> <span class='ocrx_word' id='word_1_689' title='bbox 2155 2260 2290 2298; x_wconf 91' lang='lat' dir='ltr'>mundi</span> <span class='ocrx_word' id='word_1_690' title='bbox 2326 2266 2364 2298; x_wconf 93' lang='lat' dir='ltr'>et</span> <span class='ocrx_word' id='word_1_691' title='bbox 2383 2260 2422 2297; x_wconf 92' lang='lat' dir='ltr'>in</span> <span class='ocrx_word' id='word_1_692' title='bbox 2442 2271 2505 2298; x_wconf 90' lang='lat' dir='ltr'>me</span> 
     </span>
     <span class='ocr_line' id='line_1_188' title="bbox 2076 2314 2519 2364; baseline 0 -12"><span class='ocrx_word' id='word_1_693' title='bbox 2076 2325 2157 2352; x_wconf 91' lang='lat' dir='ltr'>non</span> <span class='ocrx_word' id='word_1_694' title='bbox 2175 2314 2292 2352; x_wconf 87' lang='lat' dir='ltr'>habet</span> <span class='ocrx_word' id='word_1_695' title='bbox 2310 2314 2519 2364; x_wconf 88' lang='lat' dir='ltr'>quicquam</span> 
     </span>
    </p>

    <p class='ocr_par' dir='ltr' id='par_1_55' title="bbox 2072 2368 2573 2947">
     <span class='ocr_line' id='line_1_189' title="bbox 2076 2368 2556 2417; baseline 0.002 -11"><span class='ocrx_word' id='word_1_696' title='bbox 2076 2368 2104 2390; x_wconf 83' lang='lat'>³¹</span> <span class='ocrx_word' id='word_1_697' title='bbox 2113 2369 2182 2406; x_wconf 89' lang='lat' dir='ltr'>sed</span> <span class='ocrx_word' id='word_1_698' title='bbox 2200 2374 2243 2406; x_wconf 92' lang='lat' dir='ltr'>ut</span> <span class='ocrx_word' id='word_1_699' title='bbox 2262 2374 2474 2417; x_wconf 88' lang='lat' dir='ltr'>cognoscat</span> <span class='ocrx_word' id='word_1_700' title='bbox 2494 2368 2556 2408; x_wconf 85' lang='lat' dir='ltr'>hie</span> 
     </span>
     <span class='ocr_line' id='line_1_190' title="bbox 2075 2421 2489 2472; baseline 0 -11"><span class='ocrx_word' id='word_1_701' title='bbox 2075 2422 2244 2461; x_wconf 88' lang='lat' dir='ltr'>mundus</span> <span class='ocrx_word' id='word_1_702' title='bbox 2263 2422 2353 2472; x_wconf 89' lang='lat' dir='ltr'>quia</span> <span class='ocrx_word' id='word_1_703' title='bbox 2371 2421 2489 2472; x_wconf 88' lang='lat' dir='ltr'>diligo</span> 
     </span>
     <span class='ocr_line' id='line_1_191' title="bbox 2075 2476 2471 2528; baseline 0 -13"><span class='ocrx_word' id='word_1_704' title='bbox 2075 2483 2225 2528; x_wconf 88' lang='lat' dir='ltr'>patrem</span> <span class='ocrx_word' id='word_1_705' title='bbox 2262 2476 2359 2514; x_wconf 91' lang='lat' dir='ltr'>sicut</span> <span class='ocrx_word' id='word_1_706' title='bbox 2378 2488 2471 2526; x_wconf 85' lang='lat' dir='ltr'>prae</span> 
     </span>
     <span class='ocr_line' id='line_1_192' title="bbox 2075 2530 2539 2582; baseline -0.002 -12"><span class='ocrx_word' id='word_1_707' title='bbox 2075 2537 2232 2581; x_wconf 90' lang='lat' dir='ltr'>ceptum</span> <span class='ocrx_word' id='word_1_708' title='bbox 2253 2530 2356 2568; x_wconf 91' lang='lat' dir='ltr'>dedit</span> <span class='ocrx_word' id='word_1_709' title='bbox 2375 2530 2469 2568; x_wconf 89' lang='lat' dir='ltr'>mihi</span> <span class='ocrx_word' id='word_1_710' title='bbox 2488 2542 2539 2582; x_wconf 87' lang='lat' dir='ltr'>pa</span> 
     </span>
     <span class='ocr_line' id='line_1_193' title="bbox 2075 2584 2488 2634; baseline -0.002 -10"><span class='ocrx_word' id='word_1_711' title='bbox 2075 2591 2133 2624; x_wconf 91' lang='lat' dir='ltr'>ter</span> <span class='ocrx_word' id='word_1_712' title='bbox 2152 2585 2207 2623; x_wconf 92' lang='lat' dir='ltr'>sic</span> <span class='ocrx_word' id='word_1_713' title='bbox 2227 2584 2327 2623; x_wconf 90' lang='lat' dir='ltr'>facio</span> <span class='ocrx_word' id='word_1_714' title='bbox 2346 2585 2488 2634; x_wconf 88' lang='lat' dir='ltr'>surgite</span> 
     </span>
     <span class='ocr_line' id='line_1_194' title="bbox 2074 2636 2572 2691; baseline -0.004 -13"><span class='ocrx_word' id='word_1_715' title='bbox 2074 2651 2210 2678; x_wconf 89' lang='lat' dir='ltr'>eamus</span> <span class='ocrx_word' id='word_1_716' title='bbox 2229 2638 2318 2677; x_wconf 91' lang='lat' dir='ltr'>hinc</span> <span class='ocrx_word' id='word_1_717' title='bbox 2396 2636 2465 2691; x_wconf 81' lang='lat' dir='ltr'>[tis</span> <span class='ocrx_word' id='word_1_718' title='bbox 2482 2651 2572 2677; x_wconf 87' lang='lat' dir='ltr'>uera</span> 
     </span>
     <span class='ocr_line' id='line_1_195' title="bbox 2077 2691 2573 2742; baseline 0 -12"><span class='ocrx_word' id='word_1_719' title='bbox 2077 2702 2231 2731; x_wconf 79' lang='lat' dir='ltr'>xxlmll</span> <span class='ocrx_word' id='word_1_720' title='bbox 2244 2692 2301 2732; x_wconf 85' lang='lat'>15¹</span> <span class='ocrx_word' id='word_1_721' title='bbox 2318 2691 2406 2742; x_wconf 80' lang='lat' dir='ltr'>Ego</span> <span class='ocrx_word' id='word_1_722' title='bbox 2419 2705 2500 2730; x_wconf 84' lang='lat' dir='ltr'>sum</span> <span class='ocrx_word' id='word_1_723' title='bbox 2515 2694 2573 2730; x_wconf 81' lang='lat' dir='ltr'>ui·</span> 
     </span>
     <span class='ocr_line' id='line_1_196' title="bbox 2075 2746 2517 2797; baseline -0.007 -11"><span class='ocrx_word' id='word_1_724' title='bbox 2075 2754 2113 2786; x_wconf 89' lang='lat' dir='ltr'>et</span> <span class='ocrx_word' id='word_1_725' title='bbox 2132 2754 2240 2797; x_wconf 89' lang='lat' dir='ltr'>pater</span> <span class='ocrx_word' id='word_1_726' title='bbox 2257 2758 2367 2785; x_wconf 90' lang='lat' dir='ltr'>meus</span> <span class='ocrx_word' id='word_1_727' title='bbox 2386 2746 2517 2795; x_wconf 89' lang='lat' dir='ltr'>agricu</span> 
     </span>
     <span class='ocr_line' id='line_1_197' title="bbox 2074 2799 2539 2849; baseline -0.006 -10"><span class='ocrx_word' id='word_1_728' title='bbox 2074 2801 2112 2839; x_wconf 93' lang='lat' dir='ltr'>la</span> <span class='ocrx_word' id='word_1_729' title='bbox 2130 2807 2188 2840; x_wconf 91' lang='lat' dir='ltr'>est</span> <span class='ocrx_word' id='word_1_730' title='bbox 2225 2802 2402 2839; x_wconf 71' lang='lat' dir='ltr'>&#39;omnem</span> <span class='ocrx_word' id='word_1_731' title='bbox 2421 2799 2539 2849; x_wconf 89' lang='lat' dir='ltr'>palmi</span> 
     </span>
     <span class='ocr_line' id='line_1_198' title="bbox 2073 2852 2516 2894; baseline -0.005 0"><span class='ocrx_word' id='word_1_732' title='bbox 2073 2861 2151 2894; x_wconf 90' lang='lat' dir='ltr'>tem</span> <span class='ocrx_word' id='word_1_733' title='bbox 2170 2855 2209 2892; x_wconf 90' lang='lat' dir='ltr'>in</span> <span class='ocrx_word' id='word_1_734' title='bbox 2227 2865 2291 2892; x_wconf 91' lang='lat' dir='ltr'>me</span> <span class='ocrx_word' id='word_1_735' title='bbox 2311 2864 2391 2891; x_wconf 93' lang='lat' dir='ltr'>non</span> <span class='ocrx_word' id='word_1_736' title='bbox 2410 2852 2516 2892; x_wconf 87' lang='lat' dir='ltr'>feren</span> 
     </span>
     <span class='ocr_line' id='line_1_199' title="bbox 2072 2906 2453 2947; baseline -0.005 -1"><span class='ocrx_word' id='word_1_737' title='bbox 2072 2914 2151 2947; x_wconf 89' lang='lat' dir='ltr'>tem</span> <span class='ocrx_word' id='word_1_738' title='bbox 2170 2908 2337 2946; x_wconf 84' lang='lat' dir='ltr'>fructum</span> <span class='ocrx_word' id='word_1_739' title='bbox 2356 2906 2453 2945; x_wconf 91' lang='lat' dir='ltr'>tollit</span> 
     </span>
    </p>

    <p class='ocr_par' dir='ltr' id='par_1_56' title="bbox 2070 2962 2503 3067">
     <span class='ocr_line' id='line_1_200' title="bbox 2070 2962 2503 3012; baseline 0 -12"><span class='ocrx_word' id='word_1_740' title='bbox 2070 2974 2161 3000; x_wconf 89' lang='lat' dir='ltr'>eum</span> <span class='ocrx_word' id='word_1_741' title='bbox 2201 2968 2238 3000; x_wconf 90' lang='lat' dir='ltr'>et</span> <span class='ocrx_word' id='word_1_742' title='bbox 2257 2973 2416 3000; x_wconf 89' lang='lat' dir='ltr'>omnem</span> <span class='ocrx_word' id='word_1_743' title='bbox 2436 2962 2503 3012; x_wconf 92' lang='lat' dir='ltr'>qui</span> 
     </span>
     <span class='ocr_line' id='line_1_201' title="bbox 2071 3015 2492 3067; baseline 0 -12"><span class='ocrx_word' id='word_1_744' title='bbox 2071 3015 2216 3055; x_wconf 87' lang='lat' dir='ltr'>adferet</span> <span class='ocrx_word' id='word_1_745' title='bbox 2236 3015 2401 3055; x_wconf 86' lang='lat' dir='ltr'>fructum</span> <span class='ocrx_word' id='word_1_746' title='bbox 2420 3028 2492 3067; x_wconf 91' lang='lat' dir='ltr'>pur</span> 
     </span>
    </p>
   </div>
  </div>
 </body>
</html>
