2820 3334
261 224 342 251 x111.
368 218 513 250 28-xrv.
536 207 609 263 29.]
666 209 712 249 E
714 208 990 249 UANGELI
991 210 1086 248 [JM

263 297 345 328 Fol.
362 298 441 328 183.

264 339 414 378 Ramus
433 340 514 378 eius
534 344 642 377 tener

262 394 373 433 suerit
393 400 430 432 et
450 393 542 432 folia
561 400 712 432 nascu-

262 455 324 486 tur
343 447 573 499 cognoscitis
593 448 684 497 quia

261 503 301 540 in
321 503 498 552 proximo
517 507 575 540 est
594 509 720 540 aestas

261 556 350 595 ¹⁹sic
370 564 407 594 et
426 568 498 595 uos
518 568 610 594 cum
629 556 719 594 uide

261 610 341 649 ritis
361 610 458 650 haee
477 611 609 649 omnia
628 611 676 648 fie

262 665 294 702 ri
334 665 468 703 scitote
488 665 677 716 quoniam

259 719 300 757 in
321 719 498 769 proximo
518 726 575 758 est
594 720 633 757 in
653 720 691 758 ia

263 774 351 811 nuis

262 827 428 865 ³⁰Amen
440 827 526 866 dico
540 827 651 866 uobis
658 827 764 878 quod

261 894 343 920 non
364 882 519 920 transiet
537 894 636 932 gene

261 936 358 974 ratio
377 936 473 975 haec
494 936 627 975 omnia
645 936 677 974 is

262 997 302 1029 ta
322 991 413 1028 fiant

260 1044 288 1065 ³¹
296 1044 458 1083 Caelum
477 1050 515 1082 et
533 1050 673 1082 terram

264 1100 482 1137 transibunt
501 1100 622 1136 uerba

261 1159 393 1191 autem
413 1165 501 1191 mea
519 1165 599 1192 non
619 1164 688 1203 pre

261 1207 430 1245 teribunt

259 1260 355 1299 ³2De
375 1261 435 1299 die
455 1267 584 1299 autem
603 1260 668 1299 illa
686 1261 749 1299 uel

261 1315 356 1353 hora
376 1327 492 1353 nemo
512 1315 582 1353 scit
601 1327 651 1352 ne

260 1382 337 1421 que
357 1369 484 1420 angeli
503 1369 550 1407 de
570 1370 678 1408 caelo

260 1436 388 1474 neque
408 1425 506 1462 filius
526 1423 597 1461 nisi
615 1436 666 1474 pa

260 1484 317 1516 ter
463 1478 624 1516 ³³uidete

260 1533 391 1583 itaque
410 1532 593 1582 uigilitate
614 1539 653 1571 et

261 1593 369 1626 orate
388 1587 542 1626 nescitis
562 1595 673 1638 qua-

260 1716 326 1754 Do
346 1722 499 1767 tempus
519 1717 565 1755 sit

259 1771 402 1809 34Sicut
421 1771 541 1809 homo
560 1771 712 1822 pelegre

260 1825 455 1876 profectus
474 1832 531 1863 est
549 1826 616 1863 reli

259 1879 354 1930 quid
373 1880 536 1918 domum
555 1891 667 1918 suam

258 1941 298 1972 et
317 1934 414 1972 dans
433 1935 554 1972 seruis
573 1934 651 1972 suis

258 1994 489 2039 potestatem
509 1988 638 2026 unicui

259 2055 359 2093 quae
379 2055 478 2093 opus
499 2055 612 2080 suum
631 2050 669 2081 et

258 2097 409 2135 ianitori
427 2097 609 2148 precipiat
627 2104 671 2135 ut

259 2151 390 2201 uigilet

259 2205 462 2255 ³⁵Uigilate
480 2217 574 2255 ergo
594 2206 699 2244 nesci

258 2260 306 2298 tis
325 2260 428 2297 enim
448 2259 606 2310 quando
626 2272 674 2298 ue

258 2315 340 2352 niat
358 2315 445 2352 dms
464 2314 604 2353 domus
624 2326 710 2353 sero

259 2380 284 2406 a
302 2369 431 2407 media
449 2375 563 2407 nocte
583 2381 634 2407 an

260 2423 351 2471 galli
371 2429 486 2461 cantu
505 2435 528 2461 a
547 2435 662 2461 mane

259 2476 343 2514 ³⁶ne
362 2488 453 2514 cum
472 2477 619 2515 uenerit
637 2489 679 2515 re

260 2538 376 2580 pente
395 2531 563 2568 inueniat
582 2543 655 2569 uos

260 2585 493 2623 dormientes
511 2585 638 2623 ”ecce

259 2646 390 2677 autem
409 2638 522 2677 uobis
540 2639 627 2677 dico
646 2639 685 2676 ui

259 2693 374 2743 gilate
565 2691 762 2746 [futuru-

261 2757 369 2785 nm
383 2747 437 2785 14¹
458 2746 564 2785 Erat
579 2752 696 2786 autem

259 2802 405 2852 pascha
424 2801 585 2839 biduum
605 2810 643 2841 et

259 2857 472 2907 querebant
491 2857 613 2906 princi

260 2912 321 2961 pis
342 2910 584 2949 sacerdotum
604 2917 642 2950 et

261 2964 408 3004 scribae
427 2965 626 3016 quomodo

797 339 900 378 Eum
921 340 1011 379 dolo
1030 347 1194 378 tenere-

797 401 835 432 et
855 395 1076 433 occiderent
1113 393 1218 432 ²dice

798 449 997 487 bantenim
1017 461 1065 486 ne
1086 448 1124 486 in
1145 449 1206 486 die

797 503 895 542 festo
915 503 1104 541 tumultus
1124 504 1181 541 ori

797 564 900 595 retur
919 558 1051 607 populi

797 611 870 650 ³Et
889 624 979 650 cum
998 618 1099 650 esset
1118 611 1176 649 ihs
1195 610 1235 648 in
1249 612 1298 649 be

797 666 928 704 thania
948 666 986 703 in
1007 666 1126 704 domo
1147 665 1178 703 si

798 721 924 758 monis
943 720 1084 770 leprosi
1104 720 1243 757 discu-

798 776 914 813 bente
934 775 998 812 illo
1037 774 1144 812 uenit

797 829 933 867 mulier
952 828 1100 866 habens
1121 827 1182 866 ala

796 884 968 931 bastrum
988 894 1146 932 unguen

797 938 824 976 ti
845 938 925 975 ardi
947 937 1078 986 spicati
1099 937 1223 987 pretio

798 992 830 1031 si
849 999 886 1030 et
906 992 1027 1030 fracto
1048 992 1180 1030 alabas

798 1053 858 1084 tro
878 1046 1014 1085 effudit
1034 1058 1149 1097 supra

797 1107 914 1150 caput
933 1101 1016 1138 eius

796 1155 1002 1205 ‘¹Discipuli
1022 1160 1153 1193 autem
1172 1155 1254 1194 eius

983 1218 1001 1240 Ε

797 1252 954 1302 indigne
975 1253 1127 1290 frebant

796 1307 969 1345 dicentes
989 1313 1030 1345 ut
1050 1306 1143 1357 quid

796 1361 961 1411 perditio
982 1361 1077 1399 haec
1098 1373 1151 1398 un

795 1416 928 1466 guenti
947 1415 961 1436 ⁵
968 1422 1119 1466 poterat
1138 1416 1235 1454 eni-

796 1470 1012 1508 uenundari
1032 1482 1142 1519 ungu

796 1532 931 1562 entum
954 1525 1056 1562 istud
1081 1525 1169 1574 plus
1189 1532 1298 1575 qua*

796 1578 950 1616 dinariis
971 1580 1150 1616 trecentis

795 1640 834 1672 et
854 1633 935 1671 dari
954 1634 1189 1683 pauperibus

795 1719 846 1757 Et
867 1719 1081 1757 fremebant
1102 1720 1141 1757 in
1160 1727 1239 1758 ea-

795 1773 883 1811 ⁶1hs
903 1786 997 1812 uero
1017 1775 1068 1812 ait
1086 1775 1156 1812 illis
1177 1774 1286 1813 sinite

795 1828 900 1866 illam
920 1829 1013 1879 quid
1033 1829 1068 1866 ei
1088 1829 1210 1867 moles

795 1883 822 1921 ti
842 1883 932 1921 estis
953 1884 1101 1921 bonum
1122 1895 1220 1933 opus

795 1945 954 1987 operata
974 1944 1031 1975 est
1050 1940 1090 1974 in
1110 1950 1173 1975 me
1193 1938 1287 1976 ''se—

795 2004 866 2041 per
885 1992 990 2030 enim
1009 1992 1188 2041 pauperis
1208 1992 1258 2030 ha

794 2046 890 2084 betis
910 2047 1112 2084 uobiscum
1131 2053 1169 2084 et

794 2112 885 2138 cum
905 2101 1022 2138 uultis
1040 2101 1199 2150 potestis

794 2155 864 2193 illis
885 2156 983 2193 bene
1003 2155 1128 2193 facere
1148 2167 1212 2194 me

794 2215 924 2247 autem
943 2222 1023 2247 non
1044 2221 1195 2259 semper

794 2264 941 2302 habetis
961 2264 1088 2314 ⁸quod
1109 2264 1240 2302 habuit

794 2318 890 2356 haec
910 2318 1000 2356 fecit
1019 2319 1195 2368 preuenit

793 2379 993 2422 unguento
1012 2385 1185 2422 unguere

794 2439 935 2476 corpus
955 2439 1087 2464 meum
1107 2428 1146 2465 in
1166 2439 1207 2467 se

793 2482 989 2529 pulturam

793 2535 943 2573 ⁹Amen
962 2535 1050 2573 dico
1070 2535 1183 2573 uobis
1202 2536 1268 2574 ubi

794 2601 962 2638 cumque
982 2590 1214 2639 predicatu-

795 2642 905 2680 fuerit
925 2644 1173 2692 euangelium

794 2697 833 2733 in
853 2703 977 2734 totum
997 2698 1189 2734 mundum

794 2750 900 2800 quod
919 2750 1008 2788 fecit
1027 2751 1122 2789 haec
1141 2763 1213 2789 nar

794 2805 938 2842 rabitur
956 2805 996 2842 in
1015 2817 1146 2843 memo

792 2859 888 2896 riam
908 2859 1027 2908 ipsius

793 2913 878 2951 1⁰Et
890 2913 999 2951 iudas
1012 2913 1180 2952 scarioht
1192 2926 1292 2953 unus

792 2967 840 3006 de
860 2967 1066 3007 duodecim
1087 2968 1179 3007 abiit

1682 207 1794 247 SEC
1821 206 2094 246 MARCUM

1368 295 1450 325 Fol.
1468 297 1548 325 184.

1370 340 1431 376 Ad
1451 337 1629 388 principis
1650 350 1757 375 sacer

1368 393 1503 430 dotum
1524 399 1565 430 ut
1584 393 1749 430 traderet

1369 459 1460 484 eum
1625 447 1709 484 llad
1730 446 1782 483 illi

1367 501 1489 550 gauisi
1509 507 1598 538 sunt
1619 507 1656 538 et
1676 500 1802 550 promi

1367 561 1498 593 serunt
1517 555 1552 592 ei
1572 555 1778 605 pecuniam

1368 610 1459 646 dare
1481 610 1547 646 sed
1567 616 1604 646 et
1624 622 1764 659 quaere

1367 664 1432 701 bat
1453 664 1652 713 quomodo
1673 664 1782 701 illum

1368 725 1559 768 oportune
1579 718 1747 756 traderet

1365 771 1450 810 ¹2Et
1468 773 1594 822 prima
1614 773 1674 810 die
1694 784 1833 822 azymo

1366 839 1452 864 rum
1473 827 1631 876 quando
1652 826 1797 877 pascha

1366 881 1606 919 inmolabant

1367 935 1513 973 Dicun‘G
1532 936 1567 973 ei
1587 935 1761 985 discipuli
1780 935 1847 973 ubi

1366 991 1425 1027 uis
1445 1002 1580 1028 eamus
1599 997 1636 1028 et
1657 1002 1838 1039 paremus

1366 1045 1432 1082 tibi
1453 1051 1495 1082 ut
1514 1045 1728 1083 manduces

1366 1099 1511 1148 pascha

1366 1153 1451 1190 1³Et
1472 1153 1575 1191 misit
1596 1154 1694 1191 duos
1710 1165 1757 1190 ex
1774 1153 1869 1192 disci

1368 1208 1468 1256 pulis
1489 1208 1566 1245 suis
1587 1207 1718 1245 dicens
1737 1208 1786 1245 ite

1366 1262 1406 1298 in
1426 1262 1621 1300 ciuitatem
1641 1268 1678 1300 et
1698 1274 1815 1300 occur

1366 1316 1413 1354 rit
1433 1317 1546 1355 uobis
1565 1316 1686 1354 homo
1707 1328 1779 1367 por

1367 1378 1453 1408 tans
1473 1371 1678 1420 lagoenam
1697 1383 1797 1421 aque

1366 1425 1570 1474 sequimini
1589 1438 1680 1463 eum
1699 1425 1814 1476 14quo

1367 1492 1537 1530 cumque
1558 1480 1745 1518 introierit

1368 1534 1460 1572 dmo
1481 1534 1622 1572 domus
1643 1535 1768 1584 magis

1367 1596 1423 1627 ter
1442 1589 1532 1627 dicit
1550 1589 1616 1626 ubi
1636 1596 1694 1627 est
1714 1589 1813 1627 refee

1368 1720 1534 1758 Torium
1554 1720 1619 1757 ubi
1639 1732 1730 1759 cum
1749 1721 1809 1759 dis

1367 1775 1504 1825 cipulis
1525 1775 1620 1812 meis
1640 1787 1733 1812 man

1368 1830 1509 1867 ducem
1528 1829 1674 1879 pascha
1711 1829 1783 1867 1⁵et
1801 1829 1841 1879 ip

1366 1896 1407 1921 se
1427 1884 1539 1921 uobis
1559 1884 1783 1922 demonstra

1365 1939 1421 1975 uit
1441 1944 1602 1975 stratum
1622 1950 1718 1986 gran

1367 1993 1414 2030 de
1435 1999 1614 2042 paratum
1633 1992 1707 2030 illic
1727 2004 1778 2042 pa

1366 2054 1447 2085 rate
1466 2047 1580 2084 nobis

1365 2101 1450 2139 ¹⁶Et
1471 2101 1673 2138 habierunt
1693 2100 1842 2150 discipu

1365 2155 1390 2192 li
1410 2156 1492 2193 eius
1513 2162 1551 2193 et
1569 2161 1758 2193 uenerunt

1364 2210 1404 2247 in
1424 2210 1617 2248 ciuitatem
1637 2216 1674 2247 et
1692 2208 1776 2247 fece

1364 2271 1452 2302 runt
1472 2264 1568 2302 sicut
1588 2264 1735 2301 dixerat

1364 2319 1435 2357 illis
1456 2326 1493 2356 et
1513 2325 1746 2369 parauerunt

1365 2373 1509 2423 pascha
1770 2369 1868 2425 [fac

1365 2428 1520 2464 ΧΜΙΙΙΠ
1545 2427 1698 2476 [serpere
1716 2432 1835 2464 aulem

1364 2488 1404 2519 to
1424 2482 1531 2519 uenit
1551 2494 1641 2520 cum
1661 2495 1716 2519 ΧΠ

1364 2536 1438 2574 ¹⁸et
1458 2537 1779 2574 discunbentibus

1364 2591 1418 2629 eis
1438 2598 1475 2628 et
1495 2591 1718 2628 manducan

1363 2645 1463 2683 tibus
1483 2644 1578 2682 dixit
1633 2656 1748 2681 amen

1363 2698 1450 2736 dico
1470 2698 1583 2736 uobis
1603 2698 1710 2747 quod

1362 2764 1464 2789 unus
1484 2765 1531 2789 ex
1552 2753 1666 2789 uobis
1686 2758 1744 2789 tra

1362 2806 1425 2843 det
1445 2817 1508 2842 me
1528 2806 1594 2855 qui
1613 2805 1760 2843 mandu

1362 2866 1422 2897 cet
1440 2871 1598 2898 mecum

1362 2914 1455 2951 ¹⁹Illi
1475 2920 1604 2952 autem
1624 2921 1826 2964 coeperu*

1361 2969 1574 3008 contristari
1593 2975 1631 3006 et
1650 2969 1689 3007 di

2358 222 2407 257 93

1904 337 2003 375 Cere
2025 337 2164 386 singuli
2185 349 2280 374 num

1904 391 1998 442 quid
2017 403 2092 441 ego
2112 397 2150 430 et
2169 392 2264 430 alius
2284 398 2372 429 nu-

1904 446 1999 495 quid
2019 457 2093 495 ego
2308 444 2407 499 [duo

1903 500 1931 521 ²⁰
1940 500 2093 547 Quibus
2113 499 2164 537 ait
2184 512 2286 538 unus
2306 513 2354 538 cx

1903 554 2029 592 decim
2050 567 2102 604 qu
2121 554 2275 604 intingit

1904 621 2060 647 mecum
2080 621 2244 647 manum
2263 610 2303 647 in

1903 664 2031 701 catino

1903 717 1988 755 21Et
2008 717 2105 755 filius
2125 717 2285 766 quidem
2306 717 2358 756 ho

1903 772 2017 809 minis
2037 772 2144 809 uadit
2165 772 2264 810 sicut
2284 773 2387 823 scrip

1903 835 1987 864 tum
2006 833 2064 864 est
2084 826 2131 864 de
2151 826 2215 864 illo

1903 880 1988 919 Uae
2008 887 2138 918 autem
2158 880 2306 919 homini
2325 881 2351 918 il

1904 935 1929 973 li
1949 948 2017 985 per
2036 947 2154 985 quem
2174 935 2274 973 filius
2295 935 2348 974 ho

1903 990 2018 1027 minis
2038 989 2207 1028 tradetur
2226 991 2279 1029 bo

1903 1056 1999 1081 num
2018 1044 2070 1081 illi
2090 1044 2120 1081 si
2141 1056 2223 1082 non
2242 1050 2344 1082 esset

1904 1105 2017 1136 natus
2036 1098 2157 1137 homo
2174 1098 2235 1136 ille

1903 1153 1930 1174 ²²
1938 1153 1989 1190 Et
2007 1152 2332 1191 manducantibus

1903 1207 1976 1245 illis
1995 1207 2144 1257 accepit
2163 1219 2308 1257 panem

1903 1268 1940 1299 et
1959 1261 2145 1300 bedicens
2163 1261 2274 1311 fregit

1904 1322 1942 1354 et
1961 1315 2066 1354 dedit
2086 1316 2157 1354 illis
2176 1323 2213 1354 et
2233 1316 2330 1354 dixit

1903 1370 2068 1420 accipite
2088 1377 2125 1408 et
2145 1370 2244 1408 edite
2264 1370 2339 1409 hoc

1904 1431 1963 1463 est
1981 1437 2124 1474 corpus
2144 1436 2277 1463 meum

1904 1479 1932 1500 ²3
1940 1479 1991 1516 Et
2011 1480 2164 1529 adcepit
2183 1480 2342 1518 calicem

1905 1540 1942 1572 et
1961 1534 2158 1572 benedixit
2179 1540 2217 1572 et
2236 1533 2342 1571 dedit

1904 1588 1958 1626 eis
1978 1595 2015 1626 et
2035 1589 2212 1627 biberunt
2231 1601 2280 1626 ex
2300 1600 2349 1627 eo

1905 1719 2055 1758 Omnes
2074 1719 2101 1740 2¹¹
2109 1724 2147 1756 et
2165 1719 2217 1757 ait
2235 1718 2306 1756 illis

1905 1774 1966 1812 hic
1986 1781 2043 1811 est
2063 1774 2220 1823 sanguis
2240 1785 2304 1811 me

1904 1840 1950 1865 us
1971 1829 2036 1877 qui
2056 1840 2127 1878 pro
2146 1827 2277 1865 multis
2296 1827 2338 1865 ef

1902 1882 2084 1920 fundetur

1903 1937 2065 1974 2⁵Amen
2073 1936 2159 1974 dico
2172 1935 2284 1974 uobis
2298 1937 2405 1987 quod

1902 1992 1980 2029 iam
2000 2003 2080 2028 non
2101 1991 2233 2028 bibam
2253 1991 2300 2028 de
2319 2003 2368 2041 ge

1902 2046 2103 2084 neratione
2123 2045 2209 2083 uitis
2230 2057 2276 2083 us

1902 2111 1979 2149 que
1999 2100 2039 2137 in
2060 2100 2164 2137 diem
2183 2100 2291 2137 illum

1903 2167 1994 2192 cum
2014 2155 2146 2192 bibam
2166 2154 2259 2191 illud
2278 2165 2332 2192 no

1902 2221 1999 2246 uum
2019 2209 2059 2246 in
2078 2220 2200 2258 regno
2219 2208 2259 2246 di

1902 2263 1987 2301 ²⁶Et
2006 2263 2152 2313 hymno
2172 2263 2277 2301 dicto
2297 2263 2382 2301 exie

1903 2324 1991 2355 runt
2010 2319 2050 2355 in
2072 2324 2247 2356 montem
2266 2317 2317 2356 oli

1901 2372 1979 2410 ueti
2327 2368 2403 2423 [om

1902 2427 2012 2463 ΧΗ]27
2037 2426 2078 2464 Τ
2072 2439 2143 2464 unc
2161 2427 2217 2464 az't
2234 2426 2312 2463 illis
2332 2425 2392 2463 ihs

1902 2493 1971 2519 nes
1990 2493 2063 2519 uos
2084 2481 2304 2519 scandaliza

1900 2537 1932 2573 ri
1952 2535 2102 2573 habetis

1955 2590 2046 2639 quia
2065 2589 2251 2627 scribtum

1955 2650 2012 2681 est
2031 2643 2246 2693 percutiam

1953 2704 2149 2747 pastorem
2168 2703 2206 2734 et
2225 2696 2284 2734 dis

1951 2759 2158 2801 pargentur
2177 2763 2273 2789 oues

1897 2805 2011 2843 ²³Sed
2031 2811 2240 2855 postquam
2261 2817 2367 2843 resur

1896 2872 2031 2898 rexero
2050 2860 2257 2910 precedam

1896 2926 1969 2952 uos
1989 2914 2028 2952 in
2048 2914 2225 2965 galileam

1895 2969 1924 2991 ²⁹
1933 2969 2068 3008 Petrus
2089 2982 2182 3009 uero
2201 2968 2296 3006 dixit
2316 2968 2367 3006 illi
