2820 3334
288 231 344 257 111.
366 230 486 257 20—1v.
507 215 580 271 24.]
637 216 683 256 E
685 215 1053 256 UANGELIUM

287 306 369 337 1¹01.
386 307 467 337 159.

289 359 318 386 x
328 348 415 387 2⁰Et
423 348 597 387 z‘nlroz'uz‘l
600 349 640 386 in
651 348 789 387 domu*

287 411 326 442 et
344 403 529 442 conuenit
551 403 688 440 iterum

290 459 401 496 turba
421 458 470 496 ad
489 457 570 495 ihm
593 457 645 495 ita
664 463 706 496 ut

287 524 367 551 non
387 519 519 562 posset
538 511 685 550 mandu

286 579 373 605 care
392 578 535 616 panem

285 620 371 659 21Εἰ
389 631 478 659 cum
498 620 693 659 audissent
712 619 761 660 de

285 687 334 714 eo
354 675 502 714 scribae
521 681 559 713 et
578 675 695 713 ceteri

285 730 462 768 exierunt
480 736 610 768 tenere
630 735 708 768 eu-

286 784 467 823 dicebant
486 785 590 822 enim
610 796 690 834 quo

285 838 391 876 niam
411 838 600 877 exsentiat
620 850 686 877 eos

285 892 371 930 ”Et
385 893 534 931 scribae
549 905 647 943 quae
662 893 712 931 ab
724 892 786 932 hie

285 947 490 997 rosolymis
509 947 642 985 discen

285 1001 421 1040 derant
440 1001 619 1040 dicebant
639 1013 718 1052 quo

285 1056 390 1093 niam
410 1055 586 1094 belzebul
606 1056 721 1094 habet

285 1110 502 1160 principem
522 1110 706 1149 demonio

283 1176 371 1202 rum
444 1171 481 1202 et
499 1176 568 1214 per
587 1176 677 1202 eum

284 1219 373 1257 eicit
392 1218 574 1256 demonia

284 1272 368 1310 ²³Et
387 1272 610 1311 conuocatis
630 1271 685 1310 eis
703 1270 743 1310 in

284 1327 477 1378 parabolis
497 1327 649 1365 dicebat
669 1326 724 1364 eis

283 1381 371 1420 dms
390 1381 449 1420 ihs
505 1381 705 1432 quomodo

283 1442 412 1486 potest
431 1442 585 1475 satanas
605 1442 688 1474 sata

285 1503 364 1528 nan
384 1491 508 1529 eicere
575 1490 648 1529 ²⁴et
668 1490 702 1529 si

282 1557 448 1594 regnum
468 1544 507 1582 in
527 1550 649 1583 semet

284 1599 373 1650 ipso
393 1598 587 1637 diuidatur
605 1611 685 1638 non

284 1685 416 1725 Potest
436 1691 536 1725 stare
555 1698 624 1737 reg

284 1753 381 1778 num
400 1740 494 1779 illud

284 1795 369 1833 ²⁵Et
388 1794 419 1833 si
438 1795 600 1834 domum
619 1807 733 1846 super

284 1849 368 1899 ipsa
387 1850 629 1900 dispertiatur

283 1915 366 1942 non
385 1910 514 1954 potest
533 1903 672 1942 domus

282 1957 347 1996 illa
365 1967 465 1997 stare

286 2012 372 2050 ²⁶Et
392 2013 423 2051 si
445 2019 599 2051 satanas
623 2018 786 2052 satana·-

283 2066 439 2117 expellit
504 2067 623 2106 diuidi

284 2127 345 2159 tur
363 2133 479 2171 super
496 2133 660 2171 regnum

283 2176 365 2214 eius
385 2188 465 2214 non
484 2183 610 2226 potest
629 2183 688 2215 sta

282 2242 322 2268 re
342 2230 411 2268 sed
430 2231 547 2268 finem
566 2231 682 2270 habet

284 2283 450 2323 ²⁷Nem0
470 2292 600 2323 autem
619 2291 746 2335 potest

283 2350 379 2377 uasa
397 2338 504 2377 fortis
525 2339 678 2390 diripire

284 2392 479 2443 ingressus
498 2392 545 2431 in'
557 2394 708 2433 domu·-

284 2447 358 2484 nisi
378 2447 482 2496 prius
501 2447 638 2487 sortem

284 2500 426 2550 adliget
445 2506 484 2539 et
502 2508 594 2541 tunc
615 2502 667 2541 do

283 2566 394 2592 mum
413 2555 495 2593 eius
515 2555 665 2605 diripiet

284 2608 447 2646 ²⁸Amen
467 2609 556 2648 dico
575 2610 687 2649 uobis
706 2622 786 2661 quo

283 2663 389 2701 niam
407 2663 645 2702 remittentur

285 2717 417 2756 omnia
436 2725 596 2767 peccata
616 2724 654 2757 et

286 2771 548 2821 blasphemiae
567 2772 652 2811 filiis

285 2826 489 2864 hominum
591 2826 693 2877 ²⁹qui

285 2886 413 2918 autem
433 2880 661 2931 blasphema

284 2934 380 2972 uerit
399 2934 438 2972 in
458 2938 532 2984 spu
555 2941 624 2975 sco
643 2942 724 2975 no-

350 3021 501 3041 nuel—{Auni

823 347 983 386 Habent
1003 347 1256 387 remissione-

822 402 890 441 sed
909 414 997 441 reus
1015 403 1085 440 erit
1104 403 1271 452 senpiter

822 457 861 494 ni
880 457 1006 495 dilecti
1026 457 1247 507 ⁸⁰quoniam

822 511 1002 550 dicebant
1021 511 1127 550 illurn
1147 514 1236 561 spm

820 566 1066 604 immundum
1085 565 1185 604 habe

820 632 861 658 re
1025 620 1052 641 ³¹
1060 626 1097 659 et
1117 620 1224 659 uenit

819 680 941 712 mater
959 674 1040 713 eius
1058 681 1096 713 et
1115 675 1250 713 fratres

818 728 899 767 eius
917 735 954 767 et
974 728 1065 768 foris
1084 735 1228 768 stantes

819 783 1004 822 miserunt
1023 783 1072 822 ad
1091 783 1198 821 illum

820 844 1007 876 uocantes
1026 850 1117 876 eum
1137 837 1210 876 ³²et

821 891 1007 930 sedebant
1026 892 1128 931 circa
1147 897 1226 931 eu‘·

820 946 956 985 turbae
1146 980 1148 982 .

818 999 869 1038 Et
888 1000 1018 1039 dicunt
1037 1000 1072 1039 ei
1090 1013 1182 1040 ecce
1202 1013 1268 1039 ma

818 1061 875 1093 ter
893 1061 958 1094 tua
977 1062 1015 1094 et
1033 1055 1168 1094 fratres
1188 1055 1242 1094 tui

820 1116 858 1148 et
878 1121 1029 1148 sorores
1049 1116 1137 1148 tuae
1156 1110 1248 1148 foris

819 1170 985 1214 querunt
1004 1171 1041 1202 te
1090 1164 1192 1215 ³⁸qui
1211 1176 1273 1203 res

818 1218 997 1268 pondens
1018 1218 1112 1257 dixit
1131 1219 1203 1258 illis
1222 1232 1256 1270 q-

816 1279 875 1310 est
895 1279 1018 1311 mater
1036 1285 1125 1311 mea
1163 1280 1228 1311 aut

817 1327 884 1377 qui
903 1326 1041 1366 fratres
1062 1328 1139 1366 mei
1171 1328 1246 1367 ³⁴et

817 1382 1040 1431 cirspiciens
1060 1394 1127 1421 eos
1150 1382 1216 1433 qui

816 1436 857 1473 in
877 1436 1036 1475 circuitu
1055 1437 1136 1476 eius
1157 1436 1248 1476 sede

816 1491 884 1528 bat
903 1491 998 1529 dixit
1017 1503 1108 1530 ecce
1127 1497 1251 1530 mater

818 1556 906 1583 mea
925 1552 962 1584 et
982 1545 1116 1584 fratres
1135 1546 1211 1583 mei

819 1599 922 1650 ³⁵qui
941 1600 1046 1638 enim
1066 1600 1198 1639 fecerit
1216 1612 1269 1640 uo

821 1687 1029 1727 Luntatem
1050 1687 1091 1726 di
1127 1688 1190 1727 hic
1209 1701 1273 1728 me

819 1755 865 1781 us
885 1743 1002 1781 frater
1021 1748 1059 1782 et
1079 1754 1190 1782 soror
1208 1749 1247 1782 et

818 1804 940 1836 mater
956 1803 1015 1836 est

821 1862 871 1889 xz
879 1861 897 1889 4
909 1851 1232 1902 ¹Elcoepz'lz'terum
1239 1852 1319 1890 doce

819 1919 860 1945 re
881 1906 930 1944 ad
950 1918 1056 1944 mare
1075 1913 1113 1944 et
1134 1919 1281 1957 congre

818 1967 909 2011 gata
928 1968 985 1999 est
1007 1960 1056 1998 ad
1076 1973 1166 1998 eum
1185 1968 1247 1999 tur

820 2017 870 2054 ba
889 2015 1010 2053 multa
1029 2015 1081 2053 ita
1101 2023 1142 2054 ut
1162 2015 1201 2054 in
1222 2028 1273 2054 na

818 2082 910 2109 uem
930 2070 1143 2108 ascendens
1163 2082 1204 2108 se

819 2125 927 2163 deret
946 2124 1123 2174 proxime
1144 2125 1231 2162 litus

818 2185 856 2218 et
875 2180 1002 2218 omnis
1021 2180 1134 2218 turba
1157 2180 1283 2217 stabat

815 2234 856 2272 in
875 2234 984 2272 litore
1040 2233 1098 2272 ²et
1116 2233 1283 2272 docebat

817 2300 886 2326 eos
906 2288 946 2325 in
966 2287 1159 2338 parabolis
1179 2288 1300 2326 multa

816 2342 867 2380 Et
886 2342 1039 2381 dicebat
1057 2342 1128 2380 illis
1148 2342 1187 2380 in
1208 2343 1282 2382 doc

816 2398 914 2435 trina
933 2408 1004 2435 sua
1058 2396 1206 2436 ³audite
1235 2409 1280 2435 ec

818 2464 863 2490 ce
883 2451 974 2489 exiit
994 2451 1190 2490 seminans
1210 2463 1252 2490 se

818 2506 964 2543 minare
984 2505 1041 2543 ⁴et
1061 2505 1155 2544 dum
1176 2506 1271 2544 semi

820 2566 887 2597 nat
906 2560 1050 2609 aliquid
1070 2560 1206 2598 cecidit
1225 2572 1267 2599 se

819 2625 888 2652 cus
907 2615 1010 2651 uiam
1065 2620 1104 2652 et
1123 2626 1224 2652 uene

818 2675 907 2705 runt
926 2679 1017 2706 aues
1037 2674 1075 2706 et
1094 2679 1206 2706 come

819 2721 958 2759 derunt
976 2734 1023 2759 ea
1078 2721 1200 2759 ⁵aliud
1219 2733 1268 2760 ue

818 2787 863 2813 ro
884 2776 1019 2814 cecidit
1040 2787 1156 2824 supra
1176 2788 1244 2825 pre

818 2836 924 2868 trosa
966 2836 1003 2867 et
1023 2829 1208 2879 quoniam

819 2896 901 2922 non
920 2883 1088 2922 habebat
1107 2889 1237 2922 terra*

817 2938 979 2976 multam
1000 2938 1125 2977 statim
1146 2950 1194 2976 ex

1731 214 1802 254 SC
1828 214 2103 254 MARCUM

1388 303 1472 333 Pol.
1490 303 1572 333 160.

1392 346 1533 385 Ortum
1553 352 1610 384 est
1629 347 1721 397 quia

1391 412 1471 438 non
1495 400 1665 439 habebat
1686 401 1835 440 altitudi

1390 467 1482 493 nem
1502 460 1626 494 terrae
1682 456 1739 494 ⁶et
1759 461 1836 495 cu‘

1388 515 1547 548 exortus
1565 516 1622 549 est
1642 510 1699 549 sol
1718 523 1835 550 exaes

1387 564 1511 602 tuabit
1531 564 1717 614 quoniam
1737 571 1818 603 no*

1388 618 1559 657 habebat
1577 619 1748 658 radicem
1768 625 1806 658 et

1388 673 1537 711 exaruit
1667 674 1723 712 ⁷et
1743 674 1847 713 aliud

1387 727 1527 766 cecidit
1546 727 1586 765 in
1606 728 1736 779 spinas
1764 735 1802 767 et
1821 729 1862 767 in

1386 782 1648 821 crescentibus
1668 783 1787 833 spinis

1387 837 1622 875 suffocatum
1641 844 1700 876 est
1718 844 1756 876 et
1776 837 1857 878 fruc

1387 898 1470 928 turn
1490 903 1570 929 non
1591 892 1697 931 dedit

1388 945 1523 984 ⁸Aliud
1538 953 1668 984 autem
1690 947 1829 986 cecidit
1849 947 1888 986 in

1387 1006 1527 1038 terram
1547 1001 1692 1040 bonam
1712 1008 1749 1040 et

1388 1054 1454 1092 dat
1475 1055 1639 1093 fructum
1659 1068 1774 1094 ascen

1388 1108 1545 1148 dentem
1564 1116 1601 1148 et
1621 1110 1767 1149 adferet

1386 1170 1627 1202 crescentem
1645 1176 1768 1203 unum

1388 1218 1653 1256 tricensimum
1674 1226 1711 1257 et
1729 1220 1779 1258 ali

1388 1273 1442 1311 ud
1462 1273 1780 1322 sexagensimum

1387 1326 1490 1365 aliud
1509 1339 1604 1366 uero
1623 1329 1853 1367 centisimu·‘

1386 1382 1449 1420 ”et
1469 1382 1621 1420 dicebat
1640 1383 1707 1433 qui
1726 1383 1843 1423 habet

1387 1448 1499 1475 aures
1519 1437 1650 1475 audiat
1670 1444 1707 1475 et
1726 1438 1820 1477 intel

1386 1490 1519 1540 legens
1538 1491 1735 1542 intellegat

1387 1545 1472 1584 ¹⁰Et
1492 1558 1581 1584 cum
1601 1553 1701 1585 esset
1721 1546 1872 1597 singula

1386 1600 1437 1638 ris
1453 1600 1774 1651 interrogaueru-

1387 1688 1491 1726 Eum
1511 1688 1687 1739 discipuli
1706 1689 1789 1728 eius

1388 1755 1487 1793 quae
1508 1750 1606 1782 esset
1626 1743 1721 1782 haec
1742 1757 1794 1794 pa

1388 1798 1520 1836 rabola
1548 1797 1619 1836 ¹¹et
1639 1798 1731 1836 dixit
1751 1799 1826 1838 illis

1387 1851 1514 1890 Uobis
1533 1852 1667 1890 datum
1687 1859 1744 1891 est
1762 1865 1835 1892 nos

1390 1918 1430 1944 se
1450 1907 1673 1957 mysterium
1693 1906 1733 1945 di
1761 1907 1833 1946 illis

1388 1967 1518 1999 autem
1539 1962 1605 2011 qui
1625 1961 1719 2000 soris
1739 1969 1828 2001 sunt

1387 2015 1427 2052 in
1447 2015 1640 2065 parabolis
1660 2016 1798 2054 dicitur

1387 2070 1415 2091 ¹2
1423 2069 1476 2108 Ut
1495 2070 1670 2108 uidentes
1690 2071 1845 2109 uideant

1387 2130 1425 2162 et
1445 2136 1527 2162 non
1546 2124 1703 2163 uideant
1722 2132 1759 2163 et
1779 2137 1828 2164 au

1387 2179 1534 2217 dientes
1554 2179 1686 2217 audiat
1713 2186 1750 2218 et
1769 2185 1852 2218 no-

1387 2233 1610 2284 intellegant
1665 2239 1824 2285 nequa*

1387 2288 1438 2326 do
1461 2294 1736 2326 conuertantur

1386 2349 1425 2381 et
1448 2343 1640 2381 remittam
1659 2343 1713 2382 eis
1733 2355 1805 2393 pec

1385 2403 1471 2436 cata

1387 2452 1413 2473 ¹³
1421 2451 1470 2490 Et
1482 2451 1533 2490 ait
1546 2451 1616 2490 illis
1629 2452 1787 2491 nescitis
1793 2464 1887 2502 para

1383 2505 1518 2545 bolam
1536 2507 1651 2544 istam
1671 2514 1708 2545 et
1728 2519 1808 2558 quo

1386 2561 1506 2598 modo
1526 2572 1666 2600 omnes
1685 2573 1781 2611 para

1386 2615 1496 2652 bolas
1515 2615 1760 2664 cognoscetis

1384 2667 1485 2717 ¹⁴qui
1505 2669 1670 2707 seminat
1689 2669 1840 2707 uerbu*

1386 2722 1549 2760 seminat
1595 2721 1667 2759 1¹⁵hi
1687 2730 1818 2761 autem

1385 2776 1451 2826 qui
1472 2782 1561 2814 sunt
1581 2776 1682 2814 circa
1701 2777 1806 2814 uiam

1385 2830 1525 2880 quibus
1545 2831 1756 2868 seminatur

1385 2885 1549 2921 uerbum
1577 2891 1615 2922 et
1635 2896 1723 2922 cum
1743 2896 1792 2923 au

1385 2938 1522 2977 dierint
1541 2939 1647 2977 uenit
1666 2938 1854 2978 confesti-

2374 220 2421 256 81

1926 346 2090 386 Satanas
2136 352 2174 386 et
2193 347 2280 386 aufe

1924 409 1981 440 ret
2000 402 2164 440 uerbum
2184 402 2290 452 quod

1926 456 2161 495 seminatum
2181 463 2239 495 est
2259 457 2299 494 in

1925 510 2044 550 corda
2064 523 2201 549 eorum
2258 511 2329 549 ¹⁶et
2349 511 2389 550 hi

1923 571 2014 603 sunt
2033 565 2100 616 qui
2121 565 2362 604 seminantur

1923 631 2039 669 super
2058 626 2257 670 petrosam
2277 621 2344 671 qui

1923 686 2013 712 curn
2033 674 2224 713 audierint
2242 687 2312 714 uer

1922 729 2017 766 bum
2036 740 2126 767 cum
2145 729 2288 778 gaudio

1922 782 2122 833 adcipiunt
2141 783 2234 821 illud
2254 784 2326 822 ¹⁷et

1923 849 2005 876 non
2025 838 2169 876 habent
2188 838 2228 875 in
2250 849 2289 876 se
2309 850 2353 876 ra

1924 892 2050 930 dicem
2070 892 2139 931 sed
2158 899 2335 942 tempora

1922 946 1979 985 les
1999 953 2088 984 sunt
2107 946 2247 985 deinde
2266 959 2313 985 or

1923 1007 1963 1040 ta
1981 1001 2227 1040 tribulatione
2247 1008 2284 1040 et

1924 1056 2190 1106 persecutione
2210 1068 2311 1106 prop

1923 1116 1981 1148 ter
2000 1110 2165 1148 uerbum
2182 1117 2220 1149 et
2239 1122 2316 1149 con

1924 1164 2052 1203 festim
2072 1165 2322 1204 scandaliza-

1923 1224 1985 1257 tur
2148 1218 2221 1258 ¹⁸et
2241 1219 2305 1257 alii

1925 1279 2013 1312 sunt
2032 1273 2098 1324 qui
2117 1273 2157 1311 in
2177 1274 2296 1324 spinis
2316 1285 2358 1312 se

1924 1328 2118 1366 minantur
2138 1327 2177 1365 hi
2197 1334 2286 1366 sunt

1923 1382 1990 1432 qui
2010 1382 2169 1421 audiunt
2189 1383 2340 1421 uerbu—

1923 1435 1994 1476 ¹⁹et
2014 1437 2279 1476 sollicitudinis
2298 1436 2361 1476 uic

1922 1498 1983 1530 tus
2002 1498 2040 1530 et
2059 1491 2335 1530 delectationes

1925 1546 2061 1584 mundi
2081 1546 2305 1585 incedentes

1926 1600 2119 1640 suffocant
2138 1601 2303 1639 uerbum

1923 1687 1974 1727 Et
1994 1688 2075 1728 sine
2093 1688 2262 1727 fructum
2281 1688 2343 1726 effi

1923 1744 2074 1782 ciuntur
2147 1743 2233 1781 2⁰hii
2253 1749 2344 1781 sunt

1923 1804 2053 1837 autem
2073 1797 2140 1848 qui
2161 1809 2277 1847 super
2295 1803 2352 1835 ter

1922 1864 2006 1891 ram
2027 1853 2172 1890 bonam
2192 1851 2324 1890 cecide

1922 1912 2011 1945 runt
2031 1907 2190 1945 audium
2209 1907 2360 1944 uerbu-

1922 1968 1960 2000 et
1980 1961 2193 2011 suscipiunt
2212 1968 2249 1999 et
2267 1960 2352 1999 fruc

1923 2015 2041 2054 tificat
2059 2027 2183 2053 unum
2202 2016 2324 2053 tricen

1925 2070 2066 2108 simum
2085 2076 2123 2108 et
2141 2082 2263 2108 unum
2283 2081 2324 2108 se

1922 2125 2194 2175 xagensimum
2215 2136 2338 2162 unum

1921 2191 2017 2218 uero
2038 2179 2320 2217 centensimum

1921 2233 1994 2271 ²¹et
2015 2233 2169 2272 dicebat
2187 2234 2260 2271 illis

1922 2288 2126 2339 Numquid
2144 2286 2369 2326 accenditur

1922 2343 2119 2381 lucernam
2140 2349 2176 2380 et
2196 2342 2267 2380 sub
2286 2352 2353 2379 mo

1921 2397 1986 2436 dio
2006 2404 2172 2447 ponatur
2191 2402 2256 2434 aut
2275 2395 2348 2433 sub

1919 2452 2019 2490 lecto
2038 2458 2077 2489 et
2096 2463 2178 2489 non
2198 2461 2313 2499 supra
2333 2454 2408 2487 ca*

1920 2506 2118 2544 delabrum
2137 2512 2306 2555 ponatur

1919 2560 1946 2581 ²²
1955 2560 2048 2598 Non
2069 2560 2171 2598 enim
2192 2566 2250 2597 est
2272 2559 2421 2596 absco‘·

1918 2626 2006 2652 sum
2035 2614 2103 2652 sed
2125 2620 2165 2651 ut
2182 2611 2347 2651 manifes

1918 2674 2017 2706 tetur
2037 2680 2109 2705 nec
2130 2667 2276 2705 factum
2296 2673 2353 2704 est

1918 2722 2116 2760 occultum
2136 2721 2202 2759 sed
2223 2727 2266 2759 ut
2285 2722 2325 2758 in

1917 2776 2047 2826 palam
2066 2777 2195 2814 ueniat
2216 2775 2315 2826 2·‘⁵qui
2337 2773 2386 2812 ha

1918 2831 1983 2868 bet
2002 2842 2114 2868 aures
2133 2830 2263 2868 audiat
2311 2826 2418 2882 [uide

1918 2894 1983 2921 XII
1999 2884 2027 2905 ²4
2035 2884 2092 2922 Et
2108 2885 2248 2922 dicebat
2265 2886 2341 2922 illis
2356 2884 2416 2921 ilis

1915 2947 1951 2978 te
1972 2939 2065 2990 quid
2087 2939 2246 2978 audiatis
2266 2939 2305 2976 in
2327 2950 2404 2988 qua
