2866 3346
267 241 302 267 v.
328 221 544 279 25-V1.17.]
600 221 1023 265 EUANGELJUM
1052 221 1165 263 SEC

266 314 351 347 1¹01.
368 315 426 346 53.

265 359 370 406 Quia
381 357 487 396 uenit
529 406 536 411 ·
546 362 584 395 et
597 368 700 395 nunc
711 361 768 395 est

264 413 424 465 quando
443 412 585 450 mortui
605 411 695 449 audi

263 474 329 506 ent
347 477 487 505 uocem
508 466 560 504 fili
579 465 620 503 di
675 471 714 504 et

264 523 328 572 qui
349 521 538 559 audierint
558 521 692 558 uiuent

264 578 293 599 ²⁶
301 576 397 614 sicut
409 576 514 613 enim
529 581 637 625 pater
651 574 769 613 habet

262 631 384 669 uitam
405 631 445 668 in
464 630 672 679 semetipso

262 686 316 723 sic
335 685 440 723 dedit
459 691 496 722 et
516 684 594 722 filio
614 684 715 721 habe

262 752 303 778 re
322 740 443 777 uitam
463 739 504 776 in
525 738 687 787 semetip

263 806 308 832 so
418 792 490 831 ²⁷et
508 798 739 843 potestatem

264 847 367 886 dedit
387 848 422 885 ei
441 847 626 886 iudicium
646 846 684 884 fa

263 915 351 940 cere
372 902 462 952 quia
483 902 579 939 filius
599 900 707 939 homi

262 957 323 994 nis
342 963 400 995 est
564 955 650 993 dico
671 954 767 993 eni‘

260 1011 372 1050 uobis
389 1010 419 1032 ²⁸
427 1010 544 1048 nolite
564 1010 694 1048 mirari

261 1066 301 1103 in
323 1065 398 1103 hoc
419 1066 510 1114 quia
528 1064 635 1102 uenit
655 1063 752 1102 hora

260 1120 298 1157 in
320 1131 396 1169 qua
415 1130 552 1157 omnes
572 1118 638 1168 qui
657 1119 697 1156 in

261 1173 526 1212 monumentis
546 1178 636 1210 sunt

260 1228 418 1267 audient
436 1239 576 1265 uocem
595 1227 677 1264 eius

258 1283 330 1321 ²⁹et
349 1281 563 1332 procedunt
582 1281 647 1331 qui
666 1280 719 1319 bo

258 1349 311 1376 na
329 1336 501 1375 fecerunt
520 1336 560 1373 in
579 1347 687 1373 resur

259 1392 428 1430 rectione
448 1390 548 1429 uitae
622 1389 690 1441 qui

257 1445 360 1484 male
380 1451 542 1496 egerunt
560 1444 600 1482 in
619 1457 661 1483 re

259 1501 538 1539 surrectionem
558 1499 639 1537 iudi

259 1555 308 1594 cii

259 1609 389 1648 ⁸⁰Non
401 1609 506 1648 enim
518 1618 678 1659 possum
686 1619 762 1658 ego

259 1697 298 1735 A
316 1697 483 1747 metipso
502 1694 626 1734 facere

260 1752 466 1802 quicquam
487 1750 583 1789 sicut
602 1749 699 1787 eni·-

260 1805 377 1844 audio
397 1805 527 1843 iudico
547 1811 584 1842 et
604 1804 644 1841 iu

257 1859 403 1898 dicium
423 1870 556 1898 meum
574 1859 707 1897 iustu*

259 1921 318 1954 est
480 1914 571 1963 quia
590 1925 671 1952 non

259 1981 382 2021 quero
401 1967 634 2007 uoluntate*

257 2035 386 2062 meam
406 2023 475 2062 sed
494 2022 618 2060 uolun

259 2084 337 2116 tate
357 2078 439 2117 eius
459 2077 525 2129 qui
544 2089 608 2115 me
629 2075 731 2116 misit

257 2132 376 2182 patris

261 2187 288 2209 ⁸¹
298 2186 337 2225 Si
357 2198 452 2236 ergo
471 2185 735 2224 testimonium

259 2240 444 2292 perhibeo
465 2241 513 2279 de
537 2252 600 2278 me
622 2241 662 2290 ip

258 2307 302 2334 so
322 2295 585 2334 testimonium
604 2306 669 2333 me

257 2362 325 2387 um
344 2362 424 2389 non
443 2356 502 2388 est
521 2361 655 2387 uerum

257 2404 388 2443 ³²alter
407 2410 466 2443 est
484 2404 552 2453 qui
570 2403 726 2442 testimo

257 2459 365 2496 nium
385 2457 559 2507 perhibet
578 2458 627 2496 de
646 2469 710 2496 me

257 2511 285 2534 ³³
292 2511 378 2550 Uos
389 2512 462 2561 ipsi
475 2512 630 2550 misistis
642 2511 691 2550 ad
698 2523 762 2551 me

257 2572 295 2604 et
314 2565 578 2604 testimonium
596 2578 666 2615 per

256 2619 378 2658 hibuit
397 2619 586 2658 iohannes
606 2619 654 2657 de

257 2686 320 2713 me
485 2673 596 2724 ³⁴ego
615 2679 735 2712 aute-²

257 2740 338 2767 non
358 2728 408 2766 ab
428 2727 587 2767 homine
607 2733 664 2766 tes

255 2783 463 2822 timonium
483 2782 633 2833 adcipio

257 2837 326 2876 sed
344 2837 441 2875 haec
460 2837 550 2875 dico
570 2843 610 2875 ut
631 2847 704 2875 uos

256 2891 354 2930 salui
374 2891 455 2930 sitis

255 2945 360 2985 ”Ille
368 2944 759 2985 eratlucernaardens

802 355 853 394 Et
873 355 973 394 lucet
991 355 1125 394 lucens
1145 365 1218 393 uos

801 417 933 449 autem
951 409 1124 449 uoluistis
1143 408 1193 447 ad

802 465 940 503 horam
960 463 1133 502 exultare
1153 464 1194 501 in

803 520 887 558 luce
908 520 990 557 eius
1009 518 1119 567 ³⁶eg0
1140 524 1271 557 autem

802 573 927 612 habeo
948 572 1211 612 testimonium

802 629 927 666 maius
947 627 1115 666 iohanne

803 682 936 733 Opera
955 683 1059 720 enim
1114 693 1213 731 quae
1229 680 1278 719 de

802 737 855 775 dit
874 737 968 774 mihi
988 742 1097 786 pater
1116 742 1157 774 ut
1177 747 1247 786 per

800 791 927 830 ficiam
948 803 994 829 ea
1013 791 1097 841 ipsa
1116 802 1234 841 opera

800 846 1063 884 testimonium
1083 857 1152 895 per

801 901 935 938 hibent
955 900 1003 939 de
1023 912 1085 938 me
1106 900 1197 951 quia

801 961 910 1005 pater
928 966 992 993 me
1006 954 1108 992 misit
1126 998 1128 1000 ,
1177 954 1252 992 ³⁷et

801 1010 866 1059 qui
885 1021 948 1047 me
968 1009 1070 1047 misit
1089 1014 1197 1059 pater
1215 1008 1241 1046 il

798 1064 834 1102 le
854 1063 1116 1102 testimonium
1136 1075 1205 1113 per

800 1118 905 1157 hibet
924 1130 988 1156 me
1007 1129 1133 1168 neque
1152 1130 1205 1157 uo

799 1185 886 1211 cem
906 1173 988 1210 eius
1007 1184 1194 1222 umquam

798 1226 955 1265 audistis
975 1238 1104 1276 neque
1125 1226 1204 1275 figu

797 1293 881 1319 ram
902 1281 983 1319 eius
1003 1281 1150 1319 uidistis
1171 1281 1245 1319 ³⁸et

796 1336 962 1373 uerbum
981 1335 1063 1374 eius
1086 1347 1167 1374 non
1186 1346 1237 1373 au

798 1390 886 1428 ditis
907 1390 947 1428 in
967 1389 1080 1428 uobis
1099 1401 1243 1428 manen

795 1450 876 1482 tem
1020 1445 1111 1494 quia
1130 1455 1249 1495 quem

795 1499 898 1537 misit
918 1499 982 1537 ille
1000 1499 1089 1537 huic
1110 1510 1183 1537 uos

797 1566 878 1591 non
899 1553 1050 1592 creditis
1069 1553 1235 1592 ⁸⁹scruta

797 1608 892 1646 mini
912 1607 1114 1659 scripturas
1132 1608 1174 1646 in

799 1694 955 1743 Quibus
974 1706 1047 1734 uos
1066 1695 1208 1746 putatis
1225 1694 1265 1734 ui

799 1755 879 1788 tam
899 1756 1073 1789 eternam
1093 1749 1193 1789 habe

799 1817 841 1843 re
860 1810 897 1842 et
917 1804 1004 1842 illae
1023 1810 1112 1843 sunt

799 1859 1063 1898 testimonium
1083 1858 1194 1910 perhi

799 1914 864 1951 bet
883 1914 930 1952 de
950 1925 1013 1952 me
1033 1914 1073 1951 in
1093 1914 1232 1964 quibus

1199 1816 1301 1856 quae

800 1968 943 2018 putatis
963 1980 1037 2006 uos
1056 1968 1176 2006 uitam
1198 1968 1247 2007 ha

798 2023 890 2061 bere
969 2022 1043 2061 ⁴⁰et
1062 2034 1144 2061 non
1159 2023 1275 2062 uultis

797 2076 847 2115 ad
866 2089 929 2116 me
947 2077 1080 2116 uenire
1099 2083 1141 2115 ut
1161 2078 1270 2116 uita-

797 2131 971 2171 habeatis
1026 2132 1228 2183 “gloriam

797 2186 847 2224 ab
866 2186 1089 2225 hominibus
1109 2198 1192 2225 non

797 2240 949 2291 adcipio
969 2239 1074 2279 ⁴2sed
1093 2241 1260 2291 cognoui

796 2306 868 2334 uos
888 2295 977 2346 quia
996 2295 1233 2334 delictione-

797 2348 837 2387 di
856 2361 938 2388 non
958 2349 1109 2388 habetis
1130 2349 1170 2387 in
1189 2361 1241 2388 uo

795 2404 854 2442 bis
868 2404 960 2454 ipsis
1074 2403 1104 2426 ⁴⁸
1110 2415 1185 2454 ego
1197 2416 1246 2444 ue

795 2458 836 2495 ni
856 2459 896 2496 in
917 2458 1076 2497 nomine
1096 2459 1215 2509 patris

795 2512 872 2550 mei
892 2519 929 2551 et
950 2525 1031 2551 non
1051 2513 1205 2563 accepis

795 2566 844 2605 tis
863 2567 894 2605 si
913 2567 1009 2606 alius
1027 2569 1176 2606 uenerit
1194 2568 1235 2606 in

795 2621 954 2659 nomine
974 2633 1045 2661 suo
1064 2622 1173 2660 illum

794 2674 995 2725 adcipietis
1096 2676 1125 2697 ⁴⁴
1136 2687 1216 2726 quo

794 2729 914 2767 modo
933 2729 1092 2779 potestis
1111 2740 1186 2769 uos

795 2782 952 2821 credere
971 2783 1137 2833 gloriam

793 2837 843 2874 ab
861 2836 1030 2875 inuicem
1140 2849 1240 2887 quae

792 2897 921 2929 rentes
940 2897 977 2929 et
996 2891 1160 2941 gloriam

792 2957 893 2997 quae
913 2946 964 2984 ab
983 2946 1048 2985 illo
1067 2945 1152 2985 solo
1171 2951 1230 2985 est

1753 222 1786 261 I
1784 222 1900 262 OHA
1907 221 2100 263 NNEM

1380 310 1461 343 1¹01.
1479 311 1538 343 54.

1376 353 1441 392 Do
1461 367 1543 393 non
1563 355 1722 406 queritis

1376 407 1545 455 ¹¹⁵Nolite
1566 423 1661 460 ergo
1681 416 1818 461 putare

1377 463 1467 513 quia
1486 477 1561 513 ego
1581 466 1775 504 accusabo

1374 530 1447 556 uos
1468 526 1559 568 aput
1579 526 1728 569 patrem
1749 526 1807 559 est

1375 573 1441 623 qui
1461 573 1622 611 adcuset
1641 586 1713 613 uos
1732 587 1825 625 moy

1375 639 1437 665 ses
1456 628 1495 665 in
1516 640 1634 678 quem
1654 640 1725 666 uos
1745 641 1859 679 spera

1374 682 1422 719 tis
1687 683 1716 705 ⁴⁶
1724 684 1755 721 si
1775 685 1881 722 enim

1374 736 1527 775 creditis
1547 737 1671 787 moysi
1692 738 1806 777 crede

1374 791 1454 829 ritis
1474 792 1647 830 forsitam
1667 800 1704 830 et
1723 793 1819 831 mihi

1375 845 1423 884 de
1443 858 1507 884 me
1528 847 1633 885 enim
1653 847 1739 886 illae
1759 848 1860 899 scrip

1374 900 1420 938 sit
1439 900 1504 939 ⁴⁷si
1526 908 1655 939 autem
1675 902 1774 940 illius
1793 903 1834 941 lit

1373 955 1461 993 teris
1482 967 1563 994 non
1586 956 1741 995 creditis
1760 969 1840 1008 quo

1373 1010 1493 1048 modo
1511 1010 1640 1049 uerbis
1658 1012 1755 1049 meis
1774 1024 1838 1050 cre

1373 1063 1460 1102 ditis
1752 1062 1880 1119 [trans

1375 1128 1439 1156 XII
1454 1122 1476 1157 6
1489 1118 1602 1157 ¹Posl
1617 1120 1705 1158 haec
1724 1120 1783 1158 z‘h's
1803 1120 1886 1159 abii

1372 1186 1478 1212 mare
1498 1174 1658 1224 galileae
1678 1175 1777 1213 illius

1372 1228 1565 1266 tiberiadis
1584 1228 1841 1280 ²sequebatur

1373 1288 1502 1320 autem
1522 1282 1629 1320 illum
1649 1284 1759 1321 multi

1373 1337 1467 1375 tudo
1488 1338 1579 1388 quia
1598 1337 1782 1377 uidebant

1373 1391 1485 1440 signa
1505 1404 1579 1442 que
1599 1391 1764 1431 faciebat

1372 1445 1419 1484 de
1441 1446 1499 1484 his
1519 1458 1596 1497 que
1616 1447 1768 1485 infirma

1371 1501 1514 1539 bantur
1662 1502 1773 1540 ³abiit
1793 1514 1836 1541 er

1371 1567 1423 1604 go
1442 1555 1501 1594 ihs
1520 1556 1559 1593 in
1579 1562 1753 1595 montem
1773 1562 1812 1595 et

1370 1610 1422 1647 ibi
1442 1610 1601 1649 sedebat
1619 1622 1708 1649 cum
1730 1610 1825 1650 disci

1371 1697 1475 1737 Pulis
1497 1697 1574 1738 suis
1593 1698 1696 1737 ⁴erat
1715 1704 1834 1738 aute·-

1371 1753 1592 1804 proximum
1611 1752 1759 1803 phasea

1371 1807 1453 1846 dies
1474 1807 1592 1846 festus
1608 1807 1805 1846 iudeoru-

1370 1860 1494 1900 ⁵Cum
1514 1874 1608 1912 ergo
1628 1862 1817 1901 eleuasset

1372 1916 1508 1955 oculus
1527 1916 1586 1955 ihs
1606 1923 1642 1955 et
1662 1916 1760 1955 uidis

1372 1977 1429 2008 set
1450 1971 1540 2021 quia
1560 1970 1709 2009 multito
1728 1982 1794 2010 ma

1371 2025 1477 2062 xima
1496 2026 1601 2063 uenit
1620 2025 1670 2063 ad
1691 2038 1780 2063 eum

1371 2080 1422 2118 ait
1441 2078 1490 2117 ad
1509 2079 1699 2130 pilippum
1720 2079 1823 2118 unde

1371 2134 1534 2172 emimus
1554 2146 1674 2184 panes
1694 2141 1736 2173 ut
1756 2140 1854 2174 ma‘·

1371 2188 1513 2226 ducent
1532 2187 1586 2227 hii

1370 2242 1482 2281 ⁶Hoc
1503 2250 1632 2281 autem
1653 2242 1807 2282 dicebat

1370 2303 1536 2347 temptas
1555 2309 1644 2336 eum
1663 2298 1746 2348 ipse
1762 2310 1812 2337 au

1371 2359 1450 2390 tem
1470 2353 1617 2391 sciebat
1636 2352 1730 2403 quid
1749 2364 1791 2392 es

1370 2413 1428 2445 set
1446 2405 1616 2445 facturus

1369 2460 1383 2482 ⁷
1392 2460 1652 2511 Respondens
1659 2461 1693 2500 ei
1705 2461 1875 2514 pilippus

1369 2515 1628 2554 ducentorum
1647 2516 1740 2554 dina

1370 2570 1515 2608 riorum
1534 2582 1656 2620 panes
1676 2571 1745 2609 nin

1369 2630 1459 2662 sunt
1479 2629 1520 2662 ut
1539 2626 1769 2674 unusquisq-

1367 2678 1566 2717 modicum
1585 2678 1752 2729 adcipiat

1563 2741 1598 2763 m

1367 2773 1493 2813 ⁸Dicit
1509 2775 1574 2813 eni
1594 2787 1695 2814 unus
1714 2787 1763 2814 ex
1784 2774 1844 2815 dis

1368 2828 1504 2878 cipulis
1523 2830 1604 2867 eius
1624 2829 1789 2868 andreas

1367 2880 1481 2921 frater
1500 2883 1660 2922 simonis
1679 2884 1778 2934 petri

1366 2936 1440 2976 ”est
1458 2936 1522 2975 hic
1544 2950 1642 2987 puer
1662 2950 1765 2977 unus
1785 2938 1854 2990 qui

1367 2990 1482 3031 habet
1501 2992 1673 3043 quinque
1692 3005 1814 3044 panes

2368 229 2461 271 27-

1918 354 2155 395 Hordiacios
2175 361 2212 394 et
2231 355 2332 394 duos

1913 411 2039 461 pisces
2060 411 2128 449 sed
2147 410 2242 449 haec
2262 410 2355 461 quid

1915 472 2006 504 sunt
2024 466 2123 503 inter
2141 471 2270 504 tantos
2290 464 2344 503 ho

1914 520 2041 559 mines

1912 573 1940 595 ¹⁰
1947 575 2055 613 Dixit
2066 586 2159 624 ergo
2172 574 2230 612 ihs
2243 572 2355 613 facite
2367 573 2419 613 ho

1914 629 2029 667 minis
2050 630 2282 668 discumbere

1914 690 1995 722 erat
2016 690 2145 721 autem
2166 683 2297 722 fenum

1914 738 2078 776 multum
2101 739 2138 774 in
2160 738 2226 776 illo
2246 737 2337 776 loco

1914 792 2188 831 discubuerunt
2208 804 2304 841 ergo

1912 847 1984 885 uiri
2003 858 2165 885 numero
2185 847 2295 898 quasi

1913 902 2087 952 quinque
2107 901 2214 940 milia

1912 955 2113 1007 ¹¹Adcepit
2125 968 2219 1007 ergo
2231 954 2419 1006 panesihs

1913 1017 1951 1049 et
1971 1023 2060 1049 cum
2079 1012 2224 1061 gratias
2244 1011 2326 1061 egis

1913 1071 1970 1104 set
1989 1072 2028 1104 et
2048 1066 2239 1104 distribuit
2259 1065 2356 1115 pisci

1913 1120 1985 1158 bus
2006 1126 2195 1171 quantum
2213 1120 2303 1158 uole

1912 1175 1978 1212 bat
2206 1173 2280 1212 1²ut
2299 1179 2420 1213 aute-

1913 1229 2070 1267 saturati
2090 1235 2178 1267 sunt
2197 1229 2286 1268 dicit
2306 1228 2366 1267 ihs

1912 1283 2109 1333 discipulis
2129 1284 2207 1322 suis
2228 1283 2317 1322 colli

1910 1337 1989 1387 gite
2009 1350 2107 1388 quae
2128 1349 2318 1388 superaue

1910 1398 2091 1431 rauerunt
2111 1393 2292 1443 fragme-

1910 1453 1949 1485 ta
1969 1459 2018 1484 ne
2039 1453 2200 1497 pereant
2219 1446 2351 1486 1³colle

1910 1508 2053 1551 gerunt
2072 1514 2166 1552 ergo
2323 1507 2362 1540 et

1908 1556 2151 1606 inpleuerunt
2169 1555 2298 1594 duode

1912 1611 1989 1649 cim
2009 1611 2174 1661 copinos
2190 1611 2366 1661 fragme-

1915 1698 2068 1737 Torum
2091 1711 2139 1737 ex
2160 1698 2232 1737 illis
2252 1698 2387 1749 quinq·

1911 1753 2076 1803 panibus
2095 1753 2288 1791 hordiaeis

1911 1820 2012 1858 quae
2032 1807 2297 1858 superfuerant

1910 1862 1970 1901 his
1989 1862 2055 1913 qui
2074 1862 2320 1901 manducaue

1909 1922 2000 1955 runt

1910 1971 2004 2009 1‘Illi
2019 1983 2113 2021 ergo
2129 1971 2309 2010 homines
2324 1981 2414 2009 cum

1909 2025 2096 2065 uidissent
2115 2025 2223 2076 quod
2242 2025 2331 2064 fecit

1910 2080 2067 2131 signum
2088 2081 2268 2119 dicebant
2287 2079 2379 2129 quia

1908 2147 1999 2174 uere
2018 2135 2166 2185 profeta
2184 2141 2241 2173 est
2262 2134 2328 2186 qui

1907 2189 1948 2227 in
1968 2189 2072 2228 hunc
2091 2189 2282 2228 mundum

1905 2244 2012 2282 uenit

1907 2298 2011 2337 ¹⁵1hs
2031 2310 2124 2348 ergo
2144 2311 2234 2337 curn
2255 2309 2386 2347 cogno

1908 2354 2027 2392 uisset
2047 2354 2138 2404 quia
2156 2352 2343 2402 incipiunt

1909 2408 2041 2446 uenire
2060 2415 2099 2445 et
2116 2419 2228 2457 raper
2247 2418 2338 2444 eum

1908 2469 1950 2500 ut
1969 2462 2113 2500 faciant
2132 2473 2222 2499 eum
2242 2466 2365 2510 rege·-

1908 2516 2004 2566 fugit
2023 2517 2063 2554 in
2082 2521 2259 2554 montem
2277 2515 2330 2553 ite

1907 2583 1994 2610 rum
2013 2570 2120 2609 solus

1906 2624 1933 2646 ¹⁶
1942 2624 2043 2663 Cum
2064 2630 2190 2662 autem
2211 2634 2298 2662 sero
2317 2622 2379 2662 fae

1907 2685 1991 2717 tum
2011 2685 2070 2716 est
2089 2677 2362 2717 discenderunt

1907 2733 2082 2784 discipuli
2101 2733 2183 2771 eius
2203 2732 2254 2772 ad
2272 2744 2339 2772 ma

1906 2800 1947 2825 re

1905 2841 1990 2880 ¹⁷Et
2006 2853 2094 2880 cum
2116 2841 2339 2880 ascendisse
2359 2841 2400 2880 in

1905 2908 2047 2935 nauem
2068 2896 2232 2935 uenieba
2251 2903 2328 2935 tras

1905 2963 2012 2991 mare
2030 2950 2070 2990 in
2089 2951 2346 3002 chaparnau-
