<?xml version="1.0" encoding="UTF-8"?>
<!DOCTYPE html PUBLIC "-//W3C//DTD XHTML 1.0 Transitional//EN"
    "http://www.w3.org/TR/xhtml1/DTD/xhtml1-transitional.dtd">
<html xmlns="http://www.w3.org/1999/xhtml" xml:lang="en" lang="en">
 <head>
  <title>
</title>
<meta http-equiv="Content-Type" content="text/html;charset=utf-8" />
  <meta name='ocr-system' content='tesseract 3.04.00' />
  <meta name='ocr-capabilities' content='ocr_page ocr_carea ocr_par ocr_line ocrx_word'/>
</head>
<body>
  <div class='ocr_page' id='page_1' title='image "./fourgospelsfromc00bibluoft_0061.png"; bbox 0 0 2820 3334; ppageno 0'>
   <div class='ocr_carea' id='block_1_1' title="bbox 515 232 1064 274">
    <p class='ocr_par' dir='ltr' id='par_1_1' title="bbox 515 232 1064 274">
     <span class='ocr_line' id='line_1_1' title="bbox 515 232 1064 274; baseline 0.004 -2"><span class='ocrx_word' id='word_1_1' title='bbox 515 232 931 273; x_wconf 83' lang='lat' dir='ltr'><em>EUANGELIUM</em></span> <span class='ocrx_word' id='word_1_2' title='bbox 951 233 1064 274; x_wconf 89' lang='lat' dir='ltr'>SEC</span> 
     </span>
    </p>
   </div>
   <div class='ocr_carea' id='block_1_2' title="bbox 278 321 466 404">
    <p class='ocr_par' dir='ltr' id='par_1_2' title="bbox 278 321 466 404">
     <span class='ocr_line' id='line_1_2' title="bbox 280 321 443 353; baseline 0 0"><span class='ocrx_word' id='word_1_3' title='bbox 280 321 364 353; x_wconf 71' lang='lat'><strong>1¹01.</strong></span> <span class='ocrx_word' id='word_1_4' title='bbox 382 323 443 353; x_wconf 89' lang='lat'>88.</span> 
     </span>
     <span class='ocr_line' id='line_1_3' title="bbox 278 364 466 404; baseline 0.011 -2"><span class='ocrx_word' id='word_1_5' title='bbox 278 364 466 404; x_wconf 85' lang='lat' dir='ltr'>harenam</span> 
     </span>
    </p>
   </div>
   <div class='ocr_carea' id='block_1_3' title="bbox 278 420 786 1657">
    <p class='ocr_par' dir='ltr' id='par_1_3' title="bbox 280 420 771 514">
     <span class='ocr_line' id='line_1_4' title="bbox 282 420 771 459; baseline 0.006 -3"><span class='ocrx_word' id='word_1_6' title='bbox 282 428 355 457; x_wconf 76' lang='lat' dir='ltr'>xm</span> <span class='ocrx_word' id='word_1_7' title='bbox 378 420 456 458; x_wconf 86' lang='lat' dir='ltr'>Ubi</span> <span class='ocrx_word' id='word_1_8' title='bbox 469 421 692 459; x_wconf 83' lang='lat' dir='ltr'>centurionis</span> <span class='ocrx_word' id='word_1_9' title='bbox 709 433 771 459; x_wconf 87' lang='lat' dir='ltr'>ser</span> 
     </span>
     <span class='ocr_line' id='line_1_5' title="bbox 280 476 618 514; baseline 0.009 -3"><span class='ocrx_word' id='word_1_10' title='bbox 280 486 374 512; x_wconf 89' lang='lat' dir='ltr'>uum</span> <span class='ocrx_word' id='word_1_11' title='bbox 393 476 539 513; x_wconf 90' lang='lat' dir='ltr'>curauit</span> <span class='ocrx_word' id='word_1_12' title='bbox 559 476 618 514; x_wconf 78' lang='lat' dir='ltr'>ihs</span> 
     </span>
    </p>

    <p class='ocr_par' dir='ltr' id='par_1_4' title="bbox 278 529 757 730">
     <span class='ocr_line' id='line_1_6' title="bbox 281 529 757 568; baseline 0.008 -4"><span class='ocrx_word' id='word_1_13' title='bbox 281 538 371 565; x_wconf 81' lang='lat' dir='ltr'><strong><em>XUII</em></strong></span> <span class='ocrx_word' id='word_1_14' title='bbox 387 529 587 568; x_wconf 78' lang='lat' dir='ltr'><em>Mortuum</em></span> <span class='ocrx_word' id='word_1_15' title='bbox 608 531 757 568; x_wconf 86' lang='lat' dir='ltr'><em>unicum</em></span> 
     </span>
     <span class='ocr_line' id='line_1_7' title="bbox 280 583 690 623; baseline 0.005 -3"><span class='ocrx_word' id='word_1_16' title='bbox 280 583 402 621; x_wconf 88' lang='lat' dir='ltr'>filium</span> <span class='ocrx_word' id='word_1_17' title='bbox 422 584 561 623; x_wconf 90' lang='lat' dir='ltr'>uiduae</span> <span class='ocrx_word' id='word_1_18' title='bbox 581 596 690 623; x_wconf 89' lang='lat' dir='ltr'>resus</span> 
     </span>
     <span class='ocr_line' id='line_1_8' title="bbox 278 638 755 678; baseline 0.006 -4"><span class='ocrx_word' id='word_1_19' title='bbox 278 638 409 676; x_wconf 91' lang='lat' dir='ltr'>citauit</span> <span class='ocrx_word' id='word_1_20' title='bbox 428 638 487 677; x_wconf 83' lang='lat' dir='ltr'>ihs</span> <span class='ocrx_word' id='word_1_21' title='bbox 506 646 544 677; x_wconf 95' lang='lat' dir='ltr'>et</span> <span class='ocrx_word' id='word_1_22' title='bbox 563 639 675 677; x_wconf 90' lang='lat' dir='ltr'>matri</span> <span class='ocrx_word' id='word_1_23' title='bbox 694 650 755 678; x_wconf 88' lang='lat' dir='ltr'>res</span> 
     </span>
     <span class='ocr_line' id='line_1_9' title="bbox 279 692 381 730; baseline 0.01 -1"><span class='ocrx_word' id='word_1_24' title='bbox 279 692 381 730; x_wconf 86' lang='lat' dir='ltr'>tituit</span> 
     </span>
    </p>

    <p class='ocr_par' dir='ltr' id='par_1_5' title="bbox 279 747 786 1015">
     <span class='ocr_line' id='line_1_10' title="bbox 281 747 786 786; baseline 0.004 -3"><span class='ocrx_word' id='word_1_25' title='bbox 281 756 398 784; x_wconf 83' lang='lat' dir='ltr'><strong><em>XUIII-</em></strong></span> <span class='ocrx_word' id='word_1_26' title='bbox 419 747 604 786; x_wconf 78' lang='lat' dir='ltr'><em>Iohannes</em></span> <span class='ocrx_word' id='word_1_27' title='bbox 620 748 662 785; x_wconf 88' lang='lat' dir='ltr'>de</span> <span class='ocrx_word' id='word_1_28' title='bbox 681 760 786 785; x_wconf 84' lang='lat' dir='ltr'><em>carce</em></span> 
     </span>
     <span class='ocr_line' id='line_1_11' title="bbox 279 802 783 840; baseline 0 0"><span class='ocrx_word' id='word_1_29' title='bbox 279 814 320 840; x_wconf 90' lang='lat' dir='ltr'>re</span> <span class='ocrx_word' id='word_1_30' title='bbox 341 803 390 840; x_wconf 89' lang='lat' dir='ltr'>ad</span> <span class='ocrx_word' id='word_1_31' title='bbox 409 802 490 840; x_wconf 82' lang='lat' dir='ltr'>ihm</span> <span class='ocrx_word' id='word_1_32' title='bbox 509 803 628 840; x_wconf 89' lang='lat' dir='ltr'>mittis</span> <span class='ocrx_word' id='word_1_33' title='bbox 651 802 783 840; x_wconf 91' lang='lat' dir='ltr'>dicens</span> 
     </span>
     <span class='ocr_line' id='line_1_12' title="bbox 280 857 737 907; baseline 0.002 -13"><span class='ocrx_word' id='word_1_34' title='bbox 280 863 322 894; x_wconf 91' lang='lat' dir='ltr'>tu</span> <span class='ocrx_word' id='word_1_35' title='bbox 342 869 384 894; x_wconf 91' lang='lat' dir='ltr'>es</span> <span class='ocrx_word' id='word_1_36' title='bbox 404 857 470 907; x_wconf 91' lang='lat' dir='ltr'>qui</span> <span class='ocrx_word' id='word_1_37' title='bbox 490 864 675 895; x_wconf 89' lang='lat' dir='ltr'>uenturus</span> <span class='ocrx_word' id='word_1_38' title='bbox 695 869 737 895; x_wconf 91' lang='lat' dir='ltr'>es</span> 
     </span>
     <span class='ocr_line' id='line_1_13' title="bbox 280 911 742 950; baseline 0.002 -1"><span class='ocrx_word' id='word_1_39' title='bbox 280 917 318 949; x_wconf 89' lang='lat' dir='ltr'>et</span> <span class='ocrx_word' id='word_1_40' title='bbox 338 911 395 949; x_wconf 82' lang='lat' dir='ltr'>ihs</span> <span class='ocrx_word' id='word_1_41' title='bbox 416 912 465 949; x_wconf 91' lang='lat' dir='ltr'>ad</span> <span class='ocrx_word' id='word_1_42' title='bbox 485 913 616 950; x_wconf 86' lang='lat' dir='ltr'>turbas</span> <span class='ocrx_word' id='word_1_43' title='bbox 636 911 684 950; x_wconf 90' lang='lat' dir='ltr'>de</span> <span class='ocrx_word' id='word_1_44' title='bbox 704 912 742 950; x_wconf 91' lang='lat' dir='ltr'>io</span> 
     </span>
     <span class='ocr_line' id='line_1_14' title="bbox 280 964 599 1015; baseline 0.003 -13"><span class='ocrx_word' id='word_1_45' title='bbox 280 964 409 1003; x_wconf 91' lang='lat' dir='ltr'>hanne</span> <span class='ocrx_word' id='word_1_46' title='bbox 430 966 599 1015; x_wconf 90' lang='lat' dir='ltr'>loquitur</span> 
     </span>
    </p>

    <p class='ocr_par' dir='ltr' id='par_1_6' title="bbox 278 1018 756 1341">
     <span class='ocr_line' id='line_1_15' title="bbox 280 1018 756 1071; baseline 0.002 -15"><span class='ocrx_word' id='word_1_47' title='bbox 280 1020 429 1071; x_wconf 74' lang='lat' dir='ltr'><strong><em>XUIIII(</em></strong></span> <span class='ocrx_word' id='word_1_48' title='bbox 451 1019 678 1058; x_wconf 83' lang='lat' dir='ltr'><em>Recumbens</em></span> <span class='ocrx_word' id='word_1_49' title='bbox 696 1018 756 1057; x_wconf 66' lang='lat' dir='ltr'>ihs</span> 
     </span>
     <span class='ocr_line' id='line_1_16' title="bbox 280 1074 690 1124; baseline -0.002 -12"><span class='ocrx_word' id='word_1_50' title='bbox 280 1075 321 1112; x_wconf 94' lang='lat' dir='ltr'>in</span> <span class='ocrx_word' id='word_1_51' title='bbox 341 1074 504 1113; x_wconf 91' lang='lat' dir='ltr'>domum</span> <span class='ocrx_word' id='word_1_52' title='bbox 524 1074 690 1124; x_wconf 87' lang='lat' dir='ltr'>pharisei</span> 
     </span>
     <span class='ocr_line' id='line_1_17' title="bbox 280 1129 667 1179; baseline -0.005 -12"><span class='ocrx_word' id='word_1_53' title='bbox 280 1129 451 1179; x_wconf 90' lang='lat' dir='ltr'>quedam</span> <span class='ocrx_word' id='word_1_54' title='bbox 471 1129 608 1166; x_wconf 90' lang='lat' dir='ltr'>mulier</span> <span class='ocrx_word' id='word_1_55' title='bbox 627 1129 667 1165; x_wconf 92' lang='lat' dir='ltr'>in</span> 
     </span>
     <span class='ocr_line' id='line_1_18' title="bbox 278 1182 707 1232; baseline 0.002 -12"><span class='ocrx_word' id='word_1_56' title='bbox 278 1195 412 1232; x_wconf 89' lang='lat' dir='ltr'>gressa</span> <span class='ocrx_word' id='word_1_57' title='bbox 431 1183 595 1221; x_wconf 85' lang='lat' dir='ltr'><strong>lacrimis</strong></span> <span class='ocrx_word' id='word_1_58' title='bbox 615 1182 707 1221; x_wconf 88' lang='lat' dir='ltr'>lauit</span> 
     </span>
     <span class='ocr_line' id='line_1_19' title="bbox 280 1237 722 1288; baseline 0 -13"><span class='ocrx_word' id='word_1_59' title='bbox 280 1237 401 1288; x_wconf 92' lang='lat' dir='ltr'>pedes</span> <span class='ocrx_word' id='word_1_60' title='bbox 420 1237 502 1275; x_wconf 91' lang='lat' dir='ltr'>eius</span> <span class='ocrx_word' id='word_1_61' title='bbox 519 1243 555 1275; x_wconf 93' lang='lat' dir='ltr'>et</span> <span class='ocrx_word' id='word_1_62' title='bbox 576 1237 722 1287; x_wconf 85' lang='lat' dir='ltr'>capillis</span> 
     </span>
     <span class='ocr_line' id='line_1_20' title="bbox 278 1291 697 1341; baseline 0 -12"><span class='ocrx_word' id='word_1_63' title='bbox 278 1298 433 1341; x_wconf 87' lang='lat' dir='ltr'>tergens</span> <span class='ocrx_word' id='word_1_64' title='bbox 451 1291 697 1330; x_wconf 83' lang='lat' dir='ltr'>osculabatur</span> 
     </span>
    </p>

    <p class='ocr_par' dir='ltr' id='par_1_7' title="bbox 279 1347 661 1396">
     <span class='ocr_line' id='line_1_21' title="bbox 279 1347 661 1396; baseline 0.003 -13"><span class='ocrx_word' id='word_1_65' title='bbox 279 1351 317 1384; x_wconf 92' lang='lat' dir='ltr'>et</span> <span class='ocrx_word' id='word_1_66' title='bbox 337 1347 533 1396; x_wconf 88' lang='lat' dir='ltr'>unguebat</span> <span class='ocrx_word' id='word_1_67' title='bbox 553 1358 661 1396; x_wconf 91' lang='lat' dir='ltr'>ungu</span> 
     </span>
    </p>

    <p class='ocr_par' dir='ltr' id='par_1_8' title="bbox 278 1407 370 1438">
     <span class='ocr_line' id='line_1_22' title="bbox 278 1407 370 1438; baseline 0 0"><span class='ocrx_word' id='word_1_68' title='bbox 278 1407 370 1438; x_wconf 90' lang='lat' dir='ltr'>ento</span> 
     </span>
    </p>

    <p class='ocr_par' dir='ltr' id='par_1_9' title="bbox 278 1454 783 1657">
     <span class='ocr_line' id='line_1_23' title="bbox 279 1454 783 1504; baseline 0.004 -13"><span class='ocrx_word' id='word_1_69' title='bbox 279 1463 337 1491; x_wconf 78' lang='lat' dir='ltr'>xx</span> <span class='ocrx_word' id='word_1_70' title='bbox 348 1454 534 1504; x_wconf 81' lang='lat' dir='ltr'><em>Proponit</em></span> <span class='ocrx_word' id='word_1_71' title='bbox 545 1456 626 1493; x_wconf 73' lang='lat' dir='ltr'>dms</span> <span class='ocrx_word' id='word_1_72' title='bbox 639 1454 783 1504; x_wconf 79' lang='lat' dir='ltr'>parabo</span> 
     </span>
     <span class='ocr_line' id='line_1_24' title="bbox 279 1508 700 1548; baseline 0.007 -2"><span class='ocrx_word' id='word_1_73' title='bbox 279 1508 358 1546; x_wconf 91' lang='lat' dir='ltr'>lam</span> <span class='ocrx_word' id='word_1_74' title='bbox 377 1509 575 1548; x_wconf 90' lang='lat' dir='ltr'>seminatis</span> <span class='ocrx_word' id='word_1_75' title='bbox 594 1517 631 1548; x_wconf 90' lang='lat' dir='ltr'>et</span> <span class='ocrx_word' id='word_1_76' title='bbox 650 1510 700 1548; x_wconf 89' lang='lat' dir='ltr'>ad</span> 
     </span>
     <span class='ocr_line' id='line_1_25' title="bbox 278 1563 726 1614; baseline 0.004 -13"><span class='ocrx_word' id='word_1_77' title='bbox 278 1563 400 1613; x_wconf 87' lang='lat' dir='ltr'>aperit</span> <span class='ocrx_word' id='word_1_78' title='bbox 420 1575 507 1602; x_wconf 91' lang='lat' dir='ltr'>eam</span> <span class='ocrx_word' id='word_1_79' title='bbox 528 1564 726 1614; x_wconf 87' lang='lat' dir='ltr'>discipulis</span> 
     </span>
     <span class='ocr_line' id='line_1_26' title="bbox 279 1617 710 1657; baseline 0.002 -2"><span class='ocrx_word' id='word_1_80' title='bbox 279 1617 358 1656; x_wconf 89' lang='lat' dir='ltr'>suis</span> <span class='ocrx_word' id='word_1_81' title='bbox 377 1624 415 1655; x_wconf 93' lang='lat' dir='ltr'>et</span> <span class='ocrx_word' id='word_1_82' title='bbox 433 1619 710 1657; x_wconf 85' lang='lat' dir='ltr'>nuntiabantur</span> 
     </span>
    </p>
   </div>
   <div class='ocr_carea' id='block_1_4' title="bbox 279 1705 786 3008">
    <p class='ocr_par' dir='ltr' id='par_1_10' title="bbox 279 1705 643 1744">
     <span class='ocr_line' id='line_1_27' title="bbox 279 1705 643 1744; baseline 0.003 -2"><span class='ocrx_word' id='word_1_83' title='bbox 279 1705 314 1743; x_wconf 92' lang='lat' dir='ltr'>ei</span> <span class='ocrx_word' id='word_1_84' title='bbox 333 1711 454 1743; x_wconf 89' lang='lat' dir='ltr'>mater</span> <span class='ocrx_word' id='word_1_85' title='bbox 472 1711 510 1743; x_wconf 92' lang='lat' dir='ltr'>et</span> <span class='ocrx_word' id='word_1_86' title='bbox 528 1705 643 1744; x_wconf 90' lang='lat' dir='ltr'>frater</span> 
     </span>
    </p>

    <p class='ocr_par' dir='ltr' id='par_1_11' title="bbox 280 1759 782 1972">
     <span class='ocr_line' id='line_1_28' title="bbox 280 1759 704 1809; baseline 0.002 -12"><span class='ocrx_word' id='word_1_87' title='bbox 280 1759 363 1797; x_wconf 91' lang='lat' dir='ltr'>eius</span> <span class='ocrx_word' id='word_1_88' title='bbox 382 1760 448 1809; x_wconf 89' lang='lat' dir='ltr'>qui</span> <span class='ocrx_word' id='word_1_89' title='bbox 468 1772 490 1798; x_wconf 91' lang='lat' dir='ltr'>a</span> <span class='ocrx_word' id='word_1_90' title='bbox 509 1759 598 1798; x_wconf 85' lang='lat' dir='ltr'>foris</span> <span class='ocrx_word' id='word_1_91' title='bbox 619 1766 704 1798; x_wconf 87' lang='lat' dir='ltr'>stan</span> 
     </span>
     <span class='ocr_line' id='line_1_29' title="bbox 281 1813 782 1853; baseline 0.008 -4"><span class='ocrx_word' id='word_1_92' title='bbox 281 1822 358 1851; x_wconf 78' lang='lat' dir='ltr'>XXI</span> <span class='ocrx_word' id='word_1_93' title='bbox 373 1813 432 1851; x_wconf 86' lang='lat' dir='ltr'>Et</span> <span class='ocrx_word' id='word_1_94' title='bbox 443 1815 640 1853; x_wconf 77' lang='lat' dir='ltr'><em>dormiente</em></span> <span class='ocrx_word' id='word_1_95' title='bbox 655 1814 721 1853; x_wconf 67' lang='lat' dir='ltr'>ihu</span> <span class='ocrx_word' id='word_1_96' title='bbox 740 1816 782 1853; x_wconf 91' lang='lat' dir='ltr'>in</span> 
     </span>
     <span class='ocr_line' id='line_1_30' title="bbox 280 1869 655 1908; baseline 0.008 -3"><span class='ocrx_word' id='word_1_97' title='bbox 280 1869 459 1907; x_wconf 89' lang='lat' dir='ltr'>nauicula</span> <span class='ocrx_word' id='word_1_98' title='bbox 479 1869 578 1907; x_wconf 87' lang='lat' dir='ltr'>facta</span> <span class='ocrx_word' id='word_1_99' title='bbox 596 1876 655 1908; x_wconf 90' lang='lat' dir='ltr'>est</span> 
     </span>
     <span class='ocr_line' id='line_1_31' title="bbox 280 1923 640 1972; baseline 0.006 -12"><span class='ocrx_word' id='word_1_100' title='bbox 280 1928 492 1972; x_wconf 83' lang='lat' dir='ltr'><strong>tempestas</strong></span> <span class='ocrx_word' id='word_1_101' title='bbox 513 1923 640 1962; x_wconf 89' lang='lat' dir='ltr'>ualida</span> 
     </span>
    </p>

    <p class='ocr_par' dir='ltr' id='par_1_12' title="bbox 279 1978 708 2028">
     <span class='ocr_line' id='line_1_32' title="bbox 279 1978 708 2028; baseline 0.005 -14"><span class='ocrx_word' id='word_1_102' title='bbox 279 1983 319 2014; x_wconf 92' lang='lat' dir='ltr'>et</span> <span class='ocrx_word' id='word_1_103' title='bbox 338 1984 496 2027; x_wconf 90' lang='lat' dir='ltr'>rogatus</span> <span class='ocrx_word' id='word_1_104' title='bbox 515 1991 538 2016; x_wconf 92' lang='lat' dir='ltr'>a</span> <span class='ocrx_word' id='word_1_105' title='bbox 558 1978 708 2028; x_wconf 85' lang='lat' dir='ltr'>discipu</span> 
     </span>
    </p>

    <p class='ocr_par' dir='ltr' id='par_1_13' title="bbox 279 2030 695 2082">
     <span class='ocr_line' id='line_1_33' title="bbox 279 2030 695 2082; baseline 0.005 -13"><span class='ocrx_word' id='word_1_106' title='bbox 279 2030 326 2069; x_wconf 87' lang='lat' dir='ltr'>lis</span> <span class='ocrx_word' id='word_1_107' title='bbox 345 2033 569 2082; x_wconf 86' lang='lat' dir='ltr'>conpescuit</span> <span class='ocrx_word' id='word_1_108' title='bbox 589 2045 695 2071; x_wconf 91' lang='lat' dir='ltr'>mare</span> 
     </span>
    </p>

    <p class='ocr_par' dir='ltr' id='par_1_14' title="bbox 279 2086 437 2124">
     <span class='ocr_line' id='line_1_34' title="bbox 279 2086 437 2124; baseline 0.006 -1"><span class='ocrx_word' id='word_1_109' title='bbox 279 2091 318 2124; x_wconf 89' lang='lat' dir='ltr'>et</span> <span class='ocrx_word' id='word_1_110' title='bbox 338 2086 437 2124; x_wconf 90' lang='lat' dir='ltr'>siluit</span> 
     </span>
    </p>

    <p class='ocr_par' dir='ltr' id='par_1_15' title="bbox 281 2140 753 2235">
     <span class='ocr_line' id='line_1_35' title="bbox 281 2140 753 2193; baseline 0.011 -17"><span class='ocrx_word' id='word_1_111' title='bbox 281 2149 375 2177; x_wconf 80' lang='lat' dir='ltr'><strong><em>XXII</em></strong></span> <span class='ocrx_word' id='word_1_112' title='bbox 391 2140 442 2178; x_wconf 90' lang='lat' dir='ltr'>In</span> <span class='ocrx_word' id='word_1_113' title='bbox 461 2143 608 2192; x_wconf 76' lang='lat' dir='ltr'><em>regione</em></span> <span class='ocrx_word' id='word_1_114' title='bbox 618 2155 753 2193; x_wconf 79' lang='lat' dir='ltr'>gerase</span> 
     </span>
     <span class='ocr_line' id='line_1_36' title="bbox 281 2196 627 2235; baseline 0.009 -3"><span class='ocrx_word' id='word_1_115' title='bbox 281 2206 423 2233; x_wconf 90' lang='lat' dir='ltr'>norum</span> <span class='ocrx_word' id='word_1_116' title='bbox 443 2196 627 2235; x_wconf 89' lang='lat' dir='ltr'>demonio</span> 
     </span>
    </p>

    <p class='ocr_par' dir='ltr' id='par_1_16' title="bbox 280 2250 715 2301">
     <span class='ocr_line' id='line_1_37' title="bbox 280 2250 715 2301; baseline 0.005 -14"><span class='ocrx_word' id='word_1_117' title='bbox 280 2261 366 2288; x_wconf 91' lang='lat' dir='ltr'>rum</span> <span class='ocrx_word' id='word_1_118' title='bbox 386 2250 489 2301; x_wconf 88' lang='lat' dir='ltr'>legio</span> <span class='ocrx_word' id='word_1_119' title='bbox 509 2258 616 2301; x_wconf 85' lang='lat' dir='ltr'>rogat</span> <span class='ocrx_word' id='word_1_120' title='bbox 637 2251 715 2289; x_wconf 83' lang='lat' dir='ltr'>ihm</span> 
     </span>
    </p>

    <p class='ocr_par' dir='ltr' id='par_1_17' title="bbox 279 2306 785 2843">
     <span class='ocr_line' id='line_1_38' title="bbox 279 2306 667 2345; baseline 0.01 -4"><span class='ocrx_word' id='word_1_121' title='bbox 279 2310 322 2341; x_wconf 91' lang='lat' dir='ltr'>ut</span> <span class='ocrx_word' id='word_1_122' title='bbox 341 2311 526 2344; x_wconf 86' lang='lat' dir='ltr'>exeuntes</span> <span class='ocrx_word' id='word_1_123' title='bbox 546 2306 595 2344; x_wconf 93' lang='lat' dir='ltr'>de</span> <span class='ocrx_word' id='word_1_124' title='bbox 614 2306 667 2345; x_wconf 95' lang='lat' dir='ltr'>ho</span> 
     </span>
     <span class='ocr_line' id='line_1_39' title="bbox 281 2358 724 2410; baseline 0.011 -16"><span class='ocrx_word' id='word_1_125' title='bbox 281 2358 387 2395; x_wconf 86' lang='lat' dir='ltr'>mine</span> <span class='ocrx_word' id='word_1_126' title='bbox 406 2360 504 2398; x_wconf 89' lang='lat' dir='ltr'>irent</span> <span class='ocrx_word' id='word_1_127' title='bbox 522 2360 562 2397; x_wconf 89' lang='lat' dir='ltr'>in</span> <span class='ocrx_word' id='word_1_128' title='bbox 582 2372 724 2410; x_wconf 87' lang='lat' dir='ltr'>porcus</span> 
     </span>
     <span class='ocr_line' id='line_1_40' title="bbox 283 2413 785 2465; baseline 0.012 -18"><span class='ocrx_word' id='word_1_129' title='bbox 283 2413 442 2450; x_wconf 77' lang='lat' dir='ltr'><strong><em>XXIIIF</em></strong></span> <span class='ocrx_word' id='word_1_130' title='bbox 438 2416 543 2452; x_wconf 86' lang='lat' dir='ltr'>iliam</span> <span class='ocrx_word' id='word_1_131' title='bbox 547 2416 737 2465; x_wconf 59' lang='lat' dir='ltr'>principis</span> <span class='ocrx_word' id='word_1_132' title='bbox 744 2428 785 2453; x_wconf 92' lang='lat' dir='ltr'>re</span> 
     </span>
     <span class='ocr_line' id='line_1_41' title="bbox 281 2468 693 2508; baseline 0.01 -5"><span class='ocrx_word' id='word_1_133' title='bbox 281 2468 439 2506; x_wconf 89' lang='lat' dir='ltr'>suscitat</span> <span class='ocrx_word' id='word_1_134' title='bbox 459 2468 546 2506; x_wconf 76' lang='lat' dir='ltr'>dms</span> <span class='ocrx_word' id='word_1_135' title='bbox 568 2477 606 2508; x_wconf 87' lang='lat' dir='ltr'>et</span> <span class='ocrx_word' id='word_1_136' title='bbox 625 2482 693 2507; x_wconf 90' lang='lat' dir='ltr'>mu</span> 
     </span>
     <span class='ocr_line' id='line_1_42' title="bbox 282 2520 660 2573; baseline 0.008 -15"><span class='ocrx_word' id='word_1_137' title='bbox 282 2520 416 2559; x_wconf 90' lang='lat' dir='ltr'>lierem</span> <span class='ocrx_word' id='word_1_138' title='bbox 436 2535 459 2560; x_wconf 91' lang='lat' dir='ltr'>a</span> <span class='ocrx_word' id='word_1_139' title='bbox 478 2523 660 2573; x_wconf 88' lang='lat' dir='ltr'>profugio</span> 
     </span>
     <span class='ocr_line' id='line_1_43' title="bbox 282 2575 662 2625; baseline 0.005 -12"><span class='ocrx_word' id='word_1_140' title='bbox 282 2575 481 2625; x_wconf 89' lang='lat' dir='ltr'>sanguinis</span> <span class='ocrx_word' id='word_1_141' title='bbox 501 2577 662 2615; x_wconf 88' lang='lat' dir='ltr'>saluabit</span> 
     </span>
     <span class='ocr_line' id='line_1_44' title="bbox 285 2630 774 2670; baseline 0.008 -4"><span class='ocrx_word' id='word_1_142' title='bbox 285 2639 417 2667; x_wconf 79' lang='lat' dir='ltr'><strong><em>XXIIII</em></strong></span> <span class='ocrx_word' id='word_1_143' title='bbox 433 2630 652 2668; x_wconf 85' lang='lat' dir='ltr'><em>Potestatenz</em></span> <span class='ocrx_word' id='word_1_144' title='bbox 672 2632 774 2670; x_wconf 88' lang='lat' dir='ltr'>dedit</span> 
     </span>
     <span class='ocr_line' id='line_1_45' title="bbox 284 2684 724 2735; baseline 0.005 -13"><span class='ocrx_word' id='word_1_145' title='bbox 284 2684 373 2723; x_wconf 77' lang='lat' dir='ltr'>dr’fis</span> <span class='ocrx_word' id='word_1_146' title='bbox 393 2685 587 2735; x_wconf 88' lang='lat' dir='ltr'>discipulis</span> <span class='ocrx_word' id='word_1_147' title='bbox 607 2685 724 2725; x_wconf 91' lang='lat' dir='ltr'>demo</span> 
     </span>
     <span class='ocr_line' id='line_1_46' title="bbox 282 2739 698 2789; baseline 0.002 -13"><span class='ocrx_word' id='word_1_148' title='bbox 282 2739 347 2776; x_wconf 91' lang='lat' dir='ltr'>nia</span> <span class='ocrx_word' id='word_1_149' title='bbox 365 2739 557 2789; x_wconf 78' lang='lat' dir='ltr'>expellere</span> <span class='ocrx_word' id='word_1_150' title='bbox 576 2746 613 2777; x_wconf 91' lang='lat' dir='ltr'>et</span> <span class='ocrx_word' id='word_1_151' title='bbox 634 2740 698 2778; x_wconf 87' lang='lat' dir='ltr'>lan</span> 
     </span>
     <span class='ocr_line' id='line_1_47' title="bbox 283 2806 580 2843; baseline 0 -12"><span class='ocrx_word' id='word_1_152' title='bbox 283 2806 424 2843; x_wconf 90' lang='lat' dir='ltr'>guores</span> <span class='ocrx_word' id='word_1_153' title='bbox 445 2806 580 2832; x_wconf 88' lang='lat' dir='ltr'>sanare</span> 
     </span>
    </p>

    <p class='ocr_par' dir='ltr' id='par_1_18' title="bbox 282 2848 786 2953">
     <span class='ocr_line' id='line_1_48' title="bbox 284 2848 786 2898; baseline 0.006 -14"><span class='ocrx_word' id='word_1_154' title='bbox 284 2857 365 2884; x_wconf 78' lang='lat' dir='ltr'>xxv</span> <span class='ocrx_word' id='word_1_155' title='bbox 380 2848 441 2886; x_wconf 90' lang='lat' dir='ltr'>De</span> <span class='ocrx_word' id='word_1_156' title='bbox 451 2850 610 2898; x_wconf 83' lang='lat' dir='ltr'><em>quinque</em></span> <span class='ocrx_word' id='word_1_157' title='bbox 620 2848 786 2898; x_wconf 80' lang='lat' dir='ltr'>panibus</span> 
     </span>
     <span class='ocr_line' id='line_1_49' title="bbox 282 2903 683 2953; baseline 0.002 -13"><span class='ocrx_word' id='word_1_158' title='bbox 282 2909 321 2940; x_wconf 90' lang='lat' dir='ltr'>et</span> <span class='ocrx_word' id='word_1_159' title='bbox 341 2903 493 2941; x_wconf 91' lang='lat' dir='ltr'>duobus</span> <span class='ocrx_word' id='word_1_160' title='bbox 511 2903 683 2953; x_wconf 88' lang='lat' dir='ltr'>piscibus</span> 
     </span>
    </p>

    <p class='ocr_par' dir='ltr' id='par_1_19' title="bbox 284 2956 695 3008">
     <span class='ocr_line' id='line_1_50' title="bbox 284 2956 695 3008; baseline 0.002 -14"><span class='ocrx_word' id='word_1_161' title='bbox 284 2956 325 2994; x_wconf 89' lang='lat' dir='ltr'>in</span> <span class='ocrx_word' id='word_1_162' title='bbox 344 2957 514 3008; x_wconf 89' lang='lat' dir='ltr'>quinque</span> <span class='ocrx_word' id='word_1_163' title='bbox 534 2957 637 2995; x_wconf 89' lang='lat' dir='ltr'>milia</span> <span class='ocrx_word' id='word_1_164' title='bbox 655 2957 695 2996; x_wconf 92' lang='lat' dir='ltr'>ui</span> 
     </span>
    </p>
   </div>
   <div class='ocr_carea' id='block_1_5' title="bbox 814 363 1323 1670">
    <p class='ocr_par' dir='ltr' id='par_1_20' title="bbox 815 363 1320 690">
     <span class='ocr_line' id='line_1_51' title="bbox 816 363 1320 420; baseline 0 -16"><span class='ocrx_word' id='word_1_165' title='bbox 816 365 968 404; x_wconf 91' lang='lat' dir='ltr'>Rorum</span> <span class='ocrx_word' id='word_1_166' title='bbox 1243 363 1320 420; x_wconf 68' lang='lat' dir='ltr'>[dir</span> 
     </span>
     <span class='ocr_line' id='line_1_52' title="bbox 818 421 1289 471; baseline 0.002 -13"><span class='ocrx_word' id='word_1_167' title='bbox 818 431 919 459; x_wconf 80' lang='lat' dir='ltr'><strong><em>XXUI</em></strong></span> <span class='ocrx_word' id='word_1_168' title='bbox 935 421 1200 471; x_wconf 73' lang='lat' dir='ltr'><em>Interrogabat</em></span> <span class='ocrx_word' id='word_1_169' title='bbox 1218 421 1289 459; x_wconf 69' lang='lat' dir='ltr'>ins-</span> 
     </span>
     <span class='ocr_line' id='line_1_53' title="bbox 815 476 1219 526; baseline -0.002 -12"><span class='ocrx_word' id='word_1_170' title='bbox 815 476 968 526; x_wconf 90' lang='lat' dir='ltr'>cipulos</span> <span class='ocrx_word' id='word_1_171' title='bbox 992 488 1110 526; x_wconf 92' lang='lat' dir='ltr'>quem</span> <span class='ocrx_word' id='word_1_172' title='bbox 1129 488 1219 514; x_wconf 93' lang='lat' dir='ltr'>eum</span> 
     </span>
     <span class='ocr_line' id='line_1_54' title="bbox 818 529 1266 581; baseline -0.004 -12"><span class='ocrx_word' id='word_1_173' title='bbox 818 531 991 570; x_wconf 90' lang='lat' dir='ltr'>dicerent</span> <span class='ocrx_word' id='word_1_174' title='bbox 1028 537 1066 569; x_wconf 90' lang='lat' dir='ltr'>et</span> <span class='ocrx_word' id='word_1_175' title='bbox 1086 530 1179 568; x_wconf 88' lang='lat' dir='ltr'>dixit</span> <span class='ocrx_word' id='word_1_176' title='bbox 1200 529 1266 581; x_wconf 90' lang='lat' dir='ltr'>qui</span> 
     </span>
     <span class='ocr_line' id='line_1_55' title="bbox 819 585 1190 624; baseline -0.005 0"><span class='ocrx_word' id='word_1_177' title='bbox 819 586 885 624; x_wconf 93' lang='lat' dir='ltr'>uul</span> <span class='ocrx_word' id='word_1_178' title='bbox 904 585 1014 623; x_wconf 90' lang='lat' dir='ltr'>tollat</span> <span class='ocrx_word' id='word_1_179' title='bbox 1034 597 1190 623; x_wconf 91' lang='lat' dir='ltr'>crucem</span> 
     </span>
     <span class='ocr_line' id='line_1_56' title="bbox 818 645 1191 690; baseline -0.003 -13"><span class='ocrx_word' id='word_1_180' title='bbox 818 652 930 678; x_wconf 88' lang='lat' dir='ltr'>suam</span> <span class='ocrx_word' id='word_1_181' title='bbox 949 646 987 677; x_wconf 91' lang='lat' dir='ltr'>et</span> <span class='ocrx_word' id='word_1_182' title='bbox 1007 645 1191 690; x_wconf 90' lang='lat' dir='ltr'>sequatur</span> 
     </span>
    </p>

    <p class='ocr_par' dir='ltr' id='par_1_21' title="bbox 817 693 1228 800">
     <span class='ocr_line' id='line_1_57' title="bbox 818 693 1212 733; baseline 0.003 -2"><span class='ocrx_word' id='word_1_183' title='bbox 818 706 881 733; x_wconf 93' lang='lat' dir='ltr'>me</span> <span class='ocrx_word' id='word_1_184' title='bbox 920 694 960 731; x_wconf 92' lang='lat' dir='ltr'>in</span> <span class='ocrx_word' id='word_1_185' title='bbox 980 700 1152 732; x_wconf 90' lang='lat' dir='ltr'>montem</span> <span class='ocrx_word' id='word_1_186' title='bbox 1173 693 1212 732; x_wconf 93' lang='lat' dir='ltr'>lo</span> 
     </span>
     <span class='ocr_line' id='line_1_58' title="bbox 817 749 1228 800; baseline -0.002 -14"><span class='ocrx_word' id='word_1_187' title='bbox 817 749 1007 800; x_wconf 89' lang='lat' dir='ltr'>quebatur</span> <span class='ocrx_word' id='word_1_188' title='bbox 1026 760 1117 786; x_wconf 91' lang='lat' dir='ltr'>cum</span> <span class='ocrx_word' id='word_1_189' title='bbox 1136 760 1228 798; x_wconf 91' lang='lat' dir='ltr'>moy</span> 
     </span>
    </p>

    <p class='ocr_par' dir='ltr' id='par_1_22' title="bbox 818 803 1104 841">
     <span class='ocr_line' id='line_1_59' title="bbox 818 803 1104 841; baseline -0.007 0"><span class='ocrx_word' id='word_1_190' title='bbox 818 815 887 841; x_wconf 92' lang='lat' dir='ltr'>sen</span> <span class='ocrx_word' id='word_1_191' title='bbox 907 808 945 840; x_wconf 89' lang='lat' dir='ltr'>et</span> <span class='ocrx_word' id='word_1_192' title='bbox 966 803 1104 841; x_wconf 89' lang='lat' dir='ltr'>heliam</span> 
     </span>
    </p>

    <p class='ocr_par' dir='ltr' id='par_1_23' title="bbox 815 857 1232 1234">
     <span class='ocr_line' id='line_1_60' title="bbox 819 857 1232 895; baseline 0 -1"><span class='ocrx_word' id='word_1_193' title='bbox 819 867 938 894; x_wconf 70' lang='lat' dir='ltr'><strong><em>XXIIII</em></strong></span> <span class='ocrx_word' id='word_1_194' title='bbox 954 857 1232 895; x_wconf 85' lang='lat' dir='ltr'><em>Descendentem</em></span> 
     </span>
     <span class='ocr_line' id='line_1_61' title="bbox 815 912 1219 950; baseline -0.002 0"><span class='ocrx_word' id='word_1_195' title='bbox 815 912 957 950; x_wconf 90' lang='lat' dir='ltr'>eodem</span> <span class='ocrx_word' id='word_1_196' title='bbox 977 912 1024 950; x_wconf 94' lang='lat' dir='ltr'>de</span> <span class='ocrx_word' id='word_1_197' title='bbox 1044 918 1219 949; x_wconf 89' lang='lat' dir='ltr'>montem</span> 
     </span>
     <span class='ocr_line' id='line_1_62' title="bbox 815 965 1212 1016; baseline -0.003 -13"><span class='ocrx_word' id='word_1_198' title='bbox 815 978 981 1016; x_wconf 89' lang='lat' dir='ltr'>puerum</span> <span class='ocrx_word' id='word_1_199' title='bbox 1001 965 1212 1004; x_wconf 73' lang='lat' dir='ltr'>demoniu-</span> 
     </span>
     <span class='ocr_line' id='line_1_63' title="bbox 818 1021 1211 1059; baseline -0.003 0"><span class='ocrx_word' id='word_1_200' title='bbox 818 1021 967 1059; x_wconf 85' lang='lat' dir='ltr'>curauit</span> <span class='ocrx_word' id='word_1_201' title='bbox 987 1028 1025 1058; x_wconf 90' lang='lat' dir='ltr'>et</span> <span class='ocrx_word' id='word_1_202' title='bbox 1045 1021 1211 1059; x_wconf 88' lang='lat' dir='ltr'>docebat</span> 
     </span>
     <span class='ocr_line' id='line_1_64' title="bbox 816 1074 1186 1113; baseline 0 -1"><span class='ocrx_word' id='word_1_203' title='bbox 816 1074 1068 1113; x_wconf 86' lang='lat' dir='ltr'>humilitatem</span> <span class='ocrx_word' id='word_1_204' title='bbox 1090 1075 1186 1113; x_wconf 90' lang='lat' dir='ltr'>sicut</span> 
     </span>
     <span class='ocr_line' id='line_1_65' title="bbox 815 1129 1226 1179; baseline -0.002 -12"><span class='ocrx_word' id='word_1_205' title='bbox 815 1141 958 1179; x_wconf 89' lang='lat' dir='ltr'>pueros</span> <span class='ocrx_word' id='word_1_206' title='bbox 978 1129 1058 1167; x_wconf 88' lang='lat' dir='ltr'>fieri</span> <span class='ocrx_word' id='word_1_207' title='bbox 1079 1129 1126 1167; x_wconf 90' lang='lat' dir='ltr'>de</span> <span class='ocrx_word' id='word_1_208' title='bbox 1146 1140 1226 1178; x_wconf 92' lang='lat' dir='ltr'>quo</span> 
     </span>
     <span class='ocr_line' id='line_1_66' title="bbox 817 1183 1207 1234; baseline -0.003 -13"><span class='ocrx_word' id='word_1_209' title='bbox 817 1184 908 1221; x_wconf 89' lang='lat' dir='ltr'>dam</span> <span class='ocrx_word' id='word_1_210' title='bbox 928 1183 1121 1234; x_wconf 89' lang='lat' dir='ltr'>prohibito</span> <span class='ocrx_word' id='word_1_211' title='bbox 1141 1183 1207 1233; x_wconf 90' lang='lat' dir='ltr'>qui</span> 
     </span>
    </p>

    <p class='ocr_par' dir='ltr' id='par_1_24' title="bbox 815 1237 1321 1385">
     <span class='ocr_line' id='line_1_67' title="bbox 816 1237 1253 1288; baseline -0.005 -13"><span class='ocrx_word' id='word_1_212' title='bbox 816 1249 898 1275; x_wconf 90' lang='lat' dir='ltr'>non</span> <span class='ocrx_word' id='word_1_213' title='bbox 918 1239 1152 1288; x_wconf 88' lang='lat' dir='ltr'>sequebatur</span> <span class='ocrx_word' id='word_1_214' title='bbox 1173 1237 1253 1274; x_wconf 82' lang='lat' dir='ltr'>ihm</span> 
     </span>
     <span class='ocr_line' id='line_1_68' title="bbox 816 1290 1321 1330; baseline -0.002 -1"><span class='ocrx_word' id='word_1_215' title='bbox 816 1302 872 1329; x_wconf 85' lang='lat' dir='ltr'>XX</span> <span class='ocrx_word' id='word_1_216' title='bbox 876 1301 953 1329; x_wconf 83' lang='lat' dir='ltr'><strong><em>UIII</em></strong></span> <span class='ocrx_word' id='word_1_217' title='bbox 960 1291 1165 1330; x_wconf 86' lang='lat' dir='ltr'>Dixerunt</span> <span class='ocrx_word' id='word_1_218' title='bbox 1175 1290 1321 1329; x_wconf 84' lang='lat' dir='ltr'>iacobus</span> 
     </span>
     <span class='ocr_line' id='line_1_69' title="bbox 815 1346 1210 1385; baseline -0.005 0"><span class='ocrx_word' id='word_1_219' title='bbox 815 1354 853 1385; x_wconf 92' lang='lat' dir='ltr'>et</span> <span class='ocrx_word' id='word_1_220' title='bbox 873 1346 1065 1385; x_wconf 85' lang='lat' dir='ltr'>iohannes</span> <span class='ocrx_word' id='word_1_221' title='bbox 1084 1346 1159 1384; x_wconf 70' lang='lat' dir='ltr'>dr‘1e</span> <span class='ocrx_word' id='word_1_222' title='bbox 1179 1347 1210 1384; x_wconf 91' lang='lat' dir='ltr'>si</span> 
     </span>
    </p>

    <p class='ocr_par' dir='ltr' id='par_1_25' title="bbox 814 1401 1210 1452">
     <span class='ocr_line' id='line_1_70' title="bbox 814 1401 1210 1452; baseline -0.003 -13"><span class='ocrx_word' id='word_1_223' title='bbox 814 1401 874 1439; x_wconf 94' lang='lat' dir='ltr'>uis</span> <span class='ocrx_word' id='word_1_224' title='bbox 893 1402 1059 1452; x_wconf 90' lang='lat' dir='ltr'>petimus</span> <span class='ocrx_word' id='word_1_225' title='bbox 1077 1401 1210 1451; x_wconf 85' lang='lat' dir='ltr'>ignem</span> 
     </span>
    </p>

    <p class='ocr_par' dir='ltr' id='par_1_26' title="bbox 814 1453 1323 1670">
     <span class='ocr_line' id='line_1_71' title="bbox 814 1453 1282 1506; baseline -0.004 -12"><span class='ocrx_word' id='word_1_226' title='bbox 814 1463 856 1494; x_wconf 88' lang='lat' dir='ltr'>ut</span> <span class='ocrx_word' id='word_1_227' title='bbox 874 1456 969 1506; x_wconf 85' lang='lat' dir='ltr'>petit</span> <span class='ocrx_word' id='word_1_228' title='bbox 988 1455 1108 1494; x_wconf 89' lang='lat' dir='ltr'>helias</span> <span class='ocrx_word' id='word_1_229' title='bbox 1128 1455 1175 1493; x_wconf 92' lang='lat' dir='ltr'>de</span> <span class='ocrx_word' id='word_1_230' title='bbox 1197 1453 1282 1493; x_wconf 89' lang='lat' dir='ltr'>celo</span> 
     </span>
     <span class='ocr_line' id='line_1_72' title="bbox 817 1509 1323 1559; baseline -0.002 -12"><span class='ocrx_word' id='word_1_231' title='bbox 817 1520 971 1548; x_wconf 79' lang='lat' dir='ltr'>xxUIIII</span> <span class='ocrx_word' id='word_1_232' title='bbox 979 1512 1040 1549; x_wconf 92' lang='lat' dir='ltr'>Et</span> <span class='ocrx_word' id='word_1_233' title='bbox 1048 1510 1260 1559; x_wconf 84' lang='lat' dir='ltr'>aitquidam</span> <span class='ocrx_word' id='word_1_234' title='bbox 1268 1509 1323 1546; x_wconf 85' lang='lat' dir='ltr'>ad</span> 
     </span>
     <span class='ocr_line' id='line_1_73' title="bbox 815 1560 1317 1616; baseline -0.006 -13"><span class='ocrx_word' id='word_1_235' title='bbox 815 1577 956 1616; x_wconf 90' lang='lat' dir='ltr'>sequar</span> <span class='ocrx_word' id='word_1_236' title='bbox 968 1572 1004 1603; x_wconf 89' lang='lat' dir='ltr'>te</span> <span class='ocrx_word' id='word_1_237' title='bbox 1017 1571 1054 1603; x_wconf 89' lang='lat' dir='ltr'>et</span> <span class='ocrx_word' id='word_1_238' title='bbox 1066 1565 1141 1603; x_wconf 91' lang='lat' dir='ltr'>alio</span> <span class='ocrx_word' id='word_1_239' title='bbox 1154 1564 1193 1602; x_wconf 93' lang='lat' dir='ltr'>di</span> <span class='ocrx_word' id='word_1_240' title='bbox 1219 1560 1317 1616; x_wconf 67' lang='lat' dir='ltr'>[ihm</span> 
     </span>
     <span class='ocr_line' id='line_1_74' title="bbox 815 1620 1195 1670; baseline -0.005 -12"><span class='ocrx_word' id='word_1_241' title='bbox 815 1620 871 1658; x_wconf 88' lang='lat' dir='ltr'>xit</span> <span class='ocrx_word' id='word_1_242' title='bbox 891 1632 1053 1670; x_wconf 88' lang='lat' dir='ltr'>sequere</span> <span class='ocrx_word' id='word_1_243' title='bbox 1074 1631 1137 1657; x_wconf 91' lang='lat' dir='ltr'><em>me</em></span> <span class='ocrx_word' id='word_1_244' title='bbox 1158 1625 1195 1657; x_wconf 89' lang='lat' dir='ltr'>et</span> 
     </span>
    </p>
   </div>
   <div class='ocr_carea' id='block_1_6' title="bbox 815 1705 1322 3061">
    <p class='ocr_par' dir='ltr' id='par_1_27' title="bbox 815 1705 1322 3061">
     <span class='ocr_line' id='line_1_75' title="bbox 815 1705 1218 1756; baseline -0.002 -12"><span class='ocrx_word' id='word_1_245' title='bbox 815 1706 899 1745; x_wconf 90' lang='lat' dir='ltr'>sine</span> <span class='ocrx_word' id='word_1_246' title='bbox 918 1706 1079 1745; x_wconf 86' lang='lat' dir='ltr'>mortuis</span> <span class='ocrx_word' id='word_1_247' title='bbox 1099 1705 1218 1756; x_wconf 87' lang='lat' dir='ltr'>sepeli</span> 
     </span>
     <span class='ocr_line' id='line_1_76' title="bbox 815 1765 1245 1800; baseline -0.002 -1"><span class='ocrx_word' id='word_1_248' title='bbox 815 1767 884 1799; x_wconf 91' lang='lat' dir='ltr'>ant</span> <span class='ocrx_word' id='word_1_249' title='bbox 903 1768 1077 1800; x_wconf 89' lang='lat' dir='ltr'>mortuus</span> <span class='ocrx_word' id='word_1_250' title='bbox 1097 1772 1189 1799; x_wconf 90' lang='lat' dir='ltr'>suos</span> <span class='ocrx_word' id='word_1_251' title='bbox 1207 1765 1245 1798; x_wconf 91' lang='lat' dir='ltr'>et</span> 
     </span>
     <span class='ocr_line' id='line_1_77' title="bbox 816 1819 1317 1861; baseline -0.008 -7"><span class='ocrx_word' id='word_1_252' title='bbox 816 1822 944 1854; x_wconf 86' lang='lat' dir='ltr'>cetera</span> <span class='ocrx_word' id='word_1_253' title='bbox 1175 1819 1317 1861; x_wconf 78' lang='lat' dir='ltr'><strong><em>[LXXII-</em></strong></span> 
     </span>
     <span class='ocr_line' id='line_1_78' title="bbox 817 1869 1318 1920; baseline 0.002 -14"><span class='ocrx_word' id='word_1_254' title='bbox 817 1880 913 1906; x_wconf 85' lang='lat' dir='ltr'>xxx·</span> <span class='ocrx_word' id='word_1_255' title='bbox 939 1869 999 1908; x_wconf 87' lang='lat' dir='ltr'>Et</span> <span class='ocrx_word' id='word_1_256' title='bbox 1021 1870 1234 1920; x_wconf 62' lang='lat' dir='ltr'>deszgrnauz&#39;t</span> <span class='ocrx_word' id='word_1_257' title='bbox 1257 1869 1318 1908; x_wconf 67' lang='lat' dir='ltr'>ihs</span> 
     </span>
     <span class='ocr_line' id='line_1_79' title="bbox 816 1925 1258 1964; baseline 0 -1"><span class='ocrx_word' id='word_1_258' title='bbox 816 1932 854 1963; x_wconf 89' lang='lat' dir='ltr'>et</span> <span class='ocrx_word' id='word_1_259' title='bbox 874 1925 1058 1963; x_wconf 90' lang='lat' dir='ltr'>mandata</span> <span class='ocrx_word' id='word_1_260' title='bbox 1078 1925 1132 1963; x_wconf 90' lang='lat' dir='ltr'>eis</span> <span class='ocrx_word' id='word_1_261' title='bbox 1153 1925 1258 1964; x_wconf 90' lang='lat' dir='ltr'>dedit</span> 
     </span>
     <span class='ocr_line' id='line_1_80' title="bbox 816 1979 1276 2029; baseline 0.004 -13"><span class='ocrx_word' id='word_1_262' title='bbox 816 1980 1036 2029; x_wconf 91' lang='lat' dir='ltr'>inproperat</span> <span class='ocrx_word' id='word_1_263' title='bbox 1057 1979 1276 2018; x_wconf 89' lang='lat' dir='ltr'>ciuitatibus</span> 
     </span>
     <span class='ocr_line' id='line_1_81' title="bbox 818 2033 1318 2072; baseline 0.006 -3"><span class='ocrx_word' id='word_1_264' title='bbox 818 2043 921 2070; x_wconf 78' lang='lat' dir='ltr'><strong><em>XXXI</em></strong></span> <span class='ocrx_word' id='word_1_265' title='bbox 937 2033 996 2072; x_wconf 82' lang='lat' dir='ltr'>Et</span> <span class='ocrx_word' id='word_1_266' title='bbox 1018 2047 1157 2072; x_wconf 74' lang='lat' dir='ltr'>reuersi</span> <span class='ocrx_word' id='word_1_267' title='bbox 1190 2045 1318 2072; x_wconf 80' lang='lat' dir='ltr'><strong><em>LXXII·</em></strong></span> 
     </span>
     <span class='ocr_line' id='line_1_82' title="bbox 1218 2088 1319 2143; baseline 0.01 -15"><span class='ocrx_word' id='word_1_268' title='bbox 1218 2088 1319 2143; x_wconf 87' lang='lat' dir='ltr'><em>[cum</em></span> 
     </span>
     <span class='ocr_line' id='line_1_83' title="bbox 817 2143 1287 2194; baseline 0.006 -13"><span class='ocrx_word' id='word_1_269' title='bbox 817 2143 961 2194; x_wconf 88' lang='lat' dir='ltr'>gaudio</span> <span class='ocrx_word' id='word_1_270' title='bbox 982 2150 1019 2182; x_wconf 87' lang='lat' dir='ltr'>et</span> <span class='ocrx_word' id='word_1_271' title='bbox 1039 2143 1134 2181; x_wconf 84' lang='lat' dir='ltr'>dixit</span> <span class='ocrx_word' id='word_1_272' title='bbox 1153 2144 1208 2183; x_wconf 88' lang='lat' dir='ltr'>eis</span> <span class='ocrx_word' id='word_1_273' title='bbox 1228 2145 1287 2184; x_wconf 83' lang='lat' dir='ltr'>ihs</span> 
     </span>
     <span class='ocr_line' id='line_1_84' title="bbox 816 2198 1188 2249; baseline 0 -13"><span class='ocrx_word' id='word_1_274' title='bbox 816 2198 980 2247; x_wconf 87' lang='lat' dir='ltr'>gaudete</span> <span class='ocrx_word' id='word_1_275' title='bbox 1000 2199 1188 2249; x_wconf 91' lang='lat' dir='ltr'>quoniam</span> 
     </span>
     <span class='ocr_line' id='line_1_85' title="bbox 820 2252 1247 2304; baseline 0.002 -14"><span class='ocrx_word' id='word_1_276' title='bbox 820 2252 982 2291; x_wconf 89' lang='lat' dir='ltr'>nomina</span> <span class='ocrx_word' id='word_1_277' title='bbox 997 2259 1125 2291; x_wconf 91' lang='lat' dir='ltr'>uestra</span> <span class='ocrx_word' id='word_1_278' title='bbox 1145 2253 1247 2304; x_wconf 89' lang='lat' dir='ltr'>scrip</span> 
     </span>
     <span class='ocr_line' id='line_1_86' title="bbox 816 2306 1280 2347; baseline 0.006 -3"><span class='ocrx_word' id='word_1_279' title='bbox 816 2312 856 2344; x_wconf 91' lang='lat' dir='ltr'>ta</span> <span class='ocrx_word' id='word_1_280' title='bbox 876 2313 964 2345; x_wconf 89' lang='lat' dir='ltr'>sunt</span> <span class='ocrx_word' id='word_1_281' title='bbox 983 2307 1023 2344; x_wconf 92' lang='lat' dir='ltr'>in</span> <span class='ocrx_word' id='word_1_282' title='bbox 1043 2306 1127 2345; x_wconf 91' lang='lat' dir='ltr'>celo</span> <span class='ocrx_word' id='word_1_283' title='bbox 1147 2313 1185 2345; x_wconf 89' lang='lat' dir='ltr'>et</span> <span class='ocrx_word' id='word_1_284' title='bbox 1204 2321 1280 2347; x_wconf 90' lang='lat' dir='ltr'>con</span> 
     </span>
     <span class='ocr_line' id='line_1_87' title="bbox 818 2360 1260 2410; baseline 0.005 -12"><span class='ocrx_word' id='word_1_285' title='bbox 818 2361 934 2399; x_wconf 89' lang='lat' dir='ltr'>fessio</span> <span class='ocrx_word' id='word_1_286' title='bbox 954 2360 1020 2398; x_wconf 87' lang='lat' dir='ltr'>ihu</span> <span class='ocrx_word' id='word_1_287' title='bbox 1040 2361 1090 2399; x_wconf 93' lang='lat' dir='ltr'>ad</span> <span class='ocrx_word' id='word_1_288' title='bbox 1110 2367 1260 2410; x_wconf 90' lang='lat' dir='ltr'>patrem</span> 
     </span>
     <span class='ocr_line' id='line_1_88' title="bbox 817 2415 1320 2465; baseline 0.008 -13"><span class='ocrx_word' id='word_1_289' title='bbox 817 2425 939 2452; x_wconf 80' lang='lat' dir='ltr'><strong><em>XXXII</em></strong></span> <span class='ocrx_word' id='word_1_290' title='bbox 949 2415 1128 2453; x_wconf 88' lang='lat' dir='ltr'>Hominis</span> <span class='ocrx_word' id='word_1_291' title='bbox 1131 2417 1320 2465; x_wconf 84' lang='lat' dir='ltr'>parabola</span> 
     </span>
     <span class='ocr_line' id='line_1_89' title="bbox 816 2469 1155 2508; baseline 0 0"><span class='ocrx_word' id='word_1_292' title='bbox 816 2469 1086 2508; x_wconf 89' lang='lat' dir='ltr'>descendentis</span> <span class='ocrx_word' id='word_1_293' title='bbox 1105 2471 1155 2508; x_wconf 89' lang='lat' dir='ltr'>ab</span> 
     </span>
     <span class='ocr_line' id='line_1_90' title="bbox 816 2524 1243 2564; baseline 0.005 -2"><span class='ocrx_word' id='word_1_294' title='bbox 816 2524 1047 2562; x_wconf 90' lang='lat' dir='ltr'>iherusalem</span> <span class='ocrx_word' id='word_1_295' title='bbox 1067 2525 1105 2562; x_wconf 91' lang='lat' dir='ltr'>in</span> <span class='ocrx_word' id='word_1_296' title='bbox 1126 2525 1243 2564; x_wconf 89' lang='lat' dir='ltr'>ierico</span> 
     </span>
     <span class='ocr_line' id='line_1_91' title="bbox 815 2578 1321 2633; baseline 0.006 -18"><span class='ocrx_word' id='word_1_297' title='bbox 815 2584 854 2616; x_wconf 91' lang='lat' dir='ltr'>et</span> <span class='ocrx_word' id='word_1_298' title='bbox 873 2579 1004 2616; x_wconf 88' lang='lat' dir='ltr'>incidit</span> <span class='ocrx_word' id='word_1_299' title='bbox 1023 2578 1190 2618; x_wconf 87' lang='lat' dir='ltr'>latrones</span> <span class='ocrx_word' id='word_1_300' title='bbox 1243 2578 1321 2633; x_wconf 79' lang='lat' dir='ltr'><em>[the</em></span> 
     </span>
     <span class='ocr_line' id='line_1_92' title="bbox 818 2632 1319 2672; baseline 0.008 -4"><span class='ocrx_word' id='word_1_301' title='bbox 818 2642 968 2669; x_wconf 84' lang='lat' dir='ltr'>xxxIII·</span> <span class='ocrx_word' id='word_1_302' title='bbox 984 2632 1110 2671; x_wconf 81' lang='lat' dir='ltr'>Dixit</span> <span class='ocrx_word' id='word_1_303' title='bbox 1120 2635 1202 2671; x_wconf 76' lang='lat' dir='ltr'>dms</span> <span class='ocrx_word' id='word_1_304' title='bbox 1217 2647 1319 2672; x_wconf 84' lang='lat' dir='ltr'><em>mor-</em></span> 
     </span>
     <span class='ocr_line' id='line_1_93' title="bbox 818 2687 1193 2735; baseline 0.005 -12"><span class='ocrx_word' id='word_1_305' title='bbox 818 2687 981 2724; x_wconf 89' lang='lat' dir='ltr'>mariam</span> <span class='ocrx_word' id='word_1_306' title='bbox 1001 2687 1193 2735; x_wconf 88' lang='lat' dir='ltr'>optimam</span> 
     </span>
     <span class='ocr_line' id='line_1_94' title="bbox 816 2739 1321 2794; baseline 0.004 -17"><span class='ocrx_word' id='word_1_307' title='bbox 816 2746 966 2790; x_wconf 84' lang='lat' dir='ltr'>partem</span> <span class='ocrx_word' id='word_1_308' title='bbox 986 2740 1100 2790; x_wconf 88' lang='lat' dir='ltr'>elegit</span> <span class='ocrx_word' id='word_1_309' title='bbox 1211 2739 1321 2794; x_wconf 89' lang='lat' dir='ltr'><em>[docu</em></span> 
     </span>
     <span class='ocr_line' id='line_1_95' title="bbox 819 2794 1322 2843; baseline 0.01 -14"><span class='ocrx_word' id='word_1_310' title='bbox 819 2803 978 2830; x_wconf 81' lang='lat' dir='ltr'><strong><em>XXXIIII</em></strong></span> <span class='ocrx_word' id='word_1_311' title='bbox 1006 2794 1060 2831; x_wconf 88' lang='lat' dir='ltr'>Et</span> <span class='ocrx_word' id='word_1_312' title='bbox 1078 2795 1213 2843; x_wconf 83' lang='lat' dir='ltr'>petitus</span> <span class='ocrx_word' id='word_1_313' title='bbox 1241 2796 1322 2834; x_wconf 75' lang='lat' dir='ltr'>dms</span> 
     </span>
     <span class='ocr_line' id='line_1_96' title="bbox 817 2848 1201 2898; baseline 0.003 -12"><span class='ocrx_word' id='word_1_314' title='bbox 817 2848 845 2886; x_wconf 90' lang='lat' dir='ltr'>it</span> <span class='ocrx_word' id='word_1_315' title='bbox 864 2848 1073 2898; x_wconf 90' lang='lat' dir='ltr'>discipulos</span> <span class='ocrx_word' id='word_1_316' title='bbox 1091 2860 1201 2887; x_wconf 90' lang='lat' dir='ltr'>orare</span> 
     </span>
     <span class='ocr_line' id='line_1_97' title="bbox 817 2902 1220 2953; baseline 0 -12"><span class='ocrx_word' id='word_1_317' title='bbox 817 2910 855 2941; x_wconf 93' lang='lat' dir='ltr'>et</span> <span class='ocrx_word' id='word_1_318' title='bbox 874 2902 1055 2952; x_wconf 90' lang='lat' dir='ltr'>proponit</span> <span class='ocrx_word' id='word_1_319' title='bbox 1074 2903 1220 2953; x_wconf 86' lang='lat' dir='ltr'>parabo</span> 
     </span>
     <span class='ocr_line' id='line_1_98' title="bbox 818 2957 1278 3008; baseline 0.002 -13"><span class='ocrx_word' id='word_1_320' title='bbox 818 2957 855 2995; x_wconf 93' lang='lat' dir='ltr'>la</span> <span class='ocrx_word' id='word_1_321' title='bbox 875 2957 1041 3007; x_wconf 90' lang='lat' dir='ltr'>patentis</span> <span class='ocrx_word' id='word_1_322' title='bbox 1061 2964 1138 2996; x_wconf 89' lang='lat' dir='ltr'>tres</span> <span class='ocrx_word' id='word_1_323' title='bbox 1156 2970 1278 3008; x_wconf 88' lang='lat' dir='ltr'>panes</span> 
     </span>
     <span class='ocr_line' id='line_1_99' title="bbox 819 3011 1258 3061; baseline 0.002 -11"><span class='ocrx_word' id='word_1_324' title='bbox 819 3019 857 3051; x_wconf 91' lang='lat' dir='ltr'>et</span> <span class='ocrx_word' id='word_1_325' title='bbox 875 3011 967 3050; x_wconf 90' lang='lat' dir='ltr'>dicit</span> <span class='ocrx_word' id='word_1_326' title='bbox 984 3011 1100 3061; x_wconf 90' lang='lat' dir='ltr'>petite</span> <span class='ocrx_word' id='word_1_327' title='bbox 1116 3018 1153 3050; x_wconf 92' lang='lat' dir='ltr'>et</span> <span class='ocrx_word' id='word_1_328' title='bbox 1173 3012 1258 3051; x_wconf 85' lang='lat' dir='ltr'>adei</span> 
     </span>
    </p>
   </div>
   <div class='ocr_carea' id='block_1_7' title="bbox 1774 232 2081 276">
    <p class='ocr_par' dir='ltr' id='par_1_28' title="bbox 1774 232 2081 276">
     <span class='ocr_line' id='line_1_100' title="bbox 1774 232 2081 276; baseline 0.007 -2"><span class='ocrx_word' id='word_1_329' title='bbox 1774 232 2081 276; x_wconf 78' lang='lat' dir='ltr'><em>LUCANUM</em></span> 
     </span>
    </p>
   </div>
   <div class='ocr_carea' id='block_1_8' title="bbox 1385 322 1895 1661">
    <p class='ocr_par' dir='ltr' id='par_1_29' title="bbox 1385 322 1895 963">
     <span class='ocr_line' id='line_1_101' title="bbox 1388 322 1611 355; baseline 0.009 -2"><span class='ocrx_word' id='word_1_330' title='bbox 1388 323 1471 354; x_wconf 81' lang='lat' dir='ltr'>Fol.</span> <span class='ocrx_word' id='word_1_331' title='bbox 1489 324 1539 354; x_wconf 83' lang='lat'>88</span> <span class='ocrx_word' id='word_1_332' title='bbox 1552 322 1611 355; x_wconf 86' lang='lat' dir='ltr'>bis.</span> 
     </span>
     <span class='ocr_line' id='line_1_102' title="bbox 1390 367 1507 405; baseline 0 -1"><span class='ocrx_word' id='word_1_333' title='bbox 1390 367 1507 405; x_wconf 86' lang='lat' dir='ltr'>Pietis</span> 
     </span>
     <span class='ocr_line' id='line_1_103' title="bbox 1390 420 1895 461; baseline 0.008 -4"><span class='ocrx_word' id='word_1_334' title='bbox 1390 430 1500 458; x_wconf 77' lang='lat' dir='ltr'><strong><em>XXXI]</em></strong></span> <span class='ocrx_word' id='word_1_335' title='bbox 1514 420 1574 459; x_wconf 82' lang='lat' dir='ltr'>Et</span> <span class='ocrx_word' id='word_1_336' title='bbox 1598 435 1681 460; x_wconf 86' lang='lat' dir='ltr'><em>cum</em></span> <span class='ocrx_word' id='word_1_337' title='bbox 1710 423 1895 461; x_wconf 85' lang='lat' dir='ltr'><em>diceretur</em></span> 
     </span>
     <span class='ocr_line' id='line_1_104' title="bbox 1387 476 1796 516; baseline 0.005 -3"><span class='ocrx_word' id='word_1_338' title='bbox 1387 477 1426 513; x_wconf 94' lang='lat' dir='ltr'>in</span> <span class='ocrx_word' id='word_1_339' title='bbox 1447 476 1622 514; x_wconf 90' lang='lat' dir='ltr'>belzebul</span> <span class='ocrx_word' id='word_1_340' title='bbox 1643 477 1728 516; x_wconf 90' lang='lat' dir='ltr'>eicit</span> <span class='ocrx_word' id='word_1_341' title='bbox 1749 477 1796 516; x_wconf 89' lang='lat' dir='ltr'>de</span> 
     </span>
     <span class='ocr_line' id='line_1_105' title="bbox 1387 531 1817 570; baseline 0.005 -2"><span class='ocrx_word' id='word_1_342' title='bbox 1387 531 1522 568; x_wconf 89' lang='lat' dir='ltr'>monia</span> <span class='ocrx_word' id='word_1_343' title='bbox 1543 531 1638 570; x_wconf 85' lang='lat' dir='ltr'>dixit</span> <span class='ocrx_word' id='word_1_344' title='bbox 1658 544 1817 570; x_wconf 88' lang='lat' dir='ltr'>omnem</span> 
     </span>
     <span class='ocr_line' id='line_1_106' title="bbox 1385 585 1807 635; baseline 0.002 -12"><span class='ocrx_word' id='word_1_345' title='bbox 1385 597 1550 635; x_wconf 89' lang='lat' dir='ltr'>regnum</span> <span class='ocrx_word' id='word_1_346' title='bbox 1570 585 1738 624; x_wconf 88' lang='lat' dir='ltr'>diuisum</span> <span class='ocrx_word' id='word_1_347' title='bbox 1758 586 1807 624; x_wconf 88' lang='lat' dir='ltr'>ad</span> 
     </span>
     <span class='ocr_line' id='line_1_107' title="bbox 1387 641 1838 678; baseline 0.002 -1"><span class='ocrx_word' id='word_1_348' title='bbox 1387 652 1542 678; x_wconf 89' lang='lat' dir='ltr'>uersum</span> <span class='ocrx_word' id='word_1_349' title='bbox 1562 652 1602 678; x_wconf 89' lang='lat' dir='ltr'>se</span> <span class='ocrx_word' id='word_1_350' title='bbox 1623 653 1703 678; x_wconf 92' lang='lat' dir='ltr'>non</span> <span class='ocrx_word' id='word_1_351' title='bbox 1724 641 1838 678; x_wconf 91' lang='lat' dir='ltr'>stabit</span> 
     </span>
     <span class='ocr_line' id='line_1_108' title="bbox 1389 693 1893 745; baseline 0.008 -16"><span class='ocrx_word' id='word_1_352' title='bbox 1389 703 1516 730; x_wconf 74' lang='lat' dir='ltr'><strong><em>XXXIII</em></strong></span> <span class='ocrx_word' id='word_1_353' title='bbox 1525 693 1587 732; x_wconf 87' lang='lat' dir='ltr'>De</span> <span class='ocrx_word' id='word_1_354' title='bbox 1592 696 1699 745; x_wconf 60' lang='lat' dir='ltr'>szgrno</span> <span class='ocrx_word' id='word_1_355' title='bbox 1711 696 1814 733; x_wconf 85' lang='lat' dir='ltr'><em>ionae</em></span> <span class='ocrx_word' id='word_1_356' title='bbox 1816 702 1893 745; x_wconf 85' lang='lat' dir='ltr'>pro</span> 
     </span>
     <span class='ocr_line' id='line_1_109' title="bbox 1387 749 1850 799; baseline 0.004 -13"><span class='ocrx_word' id='word_1_357' title='bbox 1387 749 1526 799; x_wconf 91' lang='lat' dir='ltr'>phetae</span> <span class='ocrx_word' id='word_1_358' title='bbox 1546 757 1584 787; x_wconf 90' lang='lat' dir='ltr'>et</span> <span class='ocrx_word' id='word_1_359' title='bbox 1603 750 1762 788; x_wconf 90' lang='lat' dir='ltr'>lucerna</span> <span class='ocrx_word' id='word_1_360' title='bbox 1782 762 1850 788; x_wconf 89' lang='lat' dir='ltr'>cor</span> 
     </span>
     <span class='ocr_line' id='line_1_110' title="bbox 1387 804 1832 853; baseline 0.004 -13"><span class='ocrx_word' id='word_1_361' title='bbox 1387 804 1492 853; x_wconf 87' lang='lat' dir='ltr'>poris</span> <span class='ocrx_word' id='word_1_362' title='bbox 1511 810 1569 841; x_wconf 90' lang='lat' dir='ltr'>est</span> <span class='ocrx_word' id='word_1_363' title='bbox 1589 804 1724 842; x_wconf 91' lang='lat' dir='ltr'>oculus</span> <span class='ocrx_word' id='word_1_364' title='bbox 1742 811 1832 842; x_wconf 89' lang='lat' dir='ltr'>tuus</span> 
     </span>
     <span class='ocr_line' id='line_1_111' title="bbox 1390 857 1894 897; baseline 0.006 -4"><span class='ocrx_word' id='word_1_365' title='bbox 1390 868 1535 895; x_wconf 74' lang='lat' dir='ltr'>xxxvl!</span> <span class='ocrx_word' id='word_1_366' title='bbox 1539 857 1598 896; x_wconf 89' lang='lat' dir='ltr'>De</span> <span class='ocrx_word' id='word_1_367' title='bbox 1608 859 1719 897; x_wconf 86' lang='lat' dir='ltr'>calice</span> <span class='ocrx_word' id='word_1_368' title='bbox 1729 863 1763 896; x_wconf 87' lang='lat' dir='ltr'>et</span> <span class='ocrx_word' id='word_1_369' title='bbox 1771 860 1894 897; x_wconf 84' lang='lat' dir='ltr'>catino</span> 
     </span>
     <span class='ocr_line' id='line_1_112' title="bbox 1389 913 1772 963; baseline 0.005 -14"><span class='ocrx_word' id='word_1_370' title='bbox 1389 913 1587 952; x_wconf 88' lang='lat' dir='ltr'>mundatis</span> <span class='ocrx_word' id='word_1_371' title='bbox 1607 913 1772 963; x_wconf 91' lang='lat' dir='ltr'>pharisei</span> 
     </span>
    </p>

    <p class='ocr_par' dir='ltr' id='par_1_30' title="bbox 1389 966 1894 1333">
     <span class='ocr_line' id='line_1_113' title="bbox 1389 966 1894 1021; baseline 0.004 -17"><span class='ocrx_word' id='word_1_372' title='bbox 1389 979 1413 1005; x_wconf 91' lang='lat' dir='ltr'>a</span> <span class='ocrx_word' id='word_1_373' title='bbox 1432 967 1523 1005; x_wconf 90' lang='lat' dir='ltr'>foris</span> <span class='ocrx_word' id='word_1_374' title='bbox 1782 966 1894 1021; x_wconf 76' lang='lat' dir='ltr'>[drus</span> 
     </span>
     <span class='ocr_line' id='line_1_114' title="bbox 1391 1021 1894 1072; baseline 0.008 -15"><span class='ocrx_word' id='word_1_375' title='bbox 1391 1031 1554 1059; x_wconf 79' lang='lat' dir='ltr'><strong><em>XXXUIII</em></strong></span> <span class='ocrx_word' id='word_1_376' title='bbox 1567 1021 1628 1059; x_wconf 91' lang='lat' dir='ltr'>De</span> <span class='ocrx_word' id='word_1_377' title='bbox 1637 1023 1789 1072; x_wconf 80' lang='lat' dir='ltr'>primas</span> <span class='ocrx_word' id='word_1_378' title='bbox 1802 1028 1894 1061; x_wconf 86' lang='lat' dir='ltr'><em>cate-</em></span> 
     </span>
     <span class='ocr_line' id='line_1_115' title="bbox 1390 1083 1796 1127; baseline 0.005 -14"><span class='ocrx_word' id='word_1_379' title='bbox 1390 1083 1428 1114; x_wconf 90' lang='lat' dir='ltr'>et</span> <span class='ocrx_word' id='word_1_380' title='bbox 1447 1084 1706 1115; x_wconf 89' lang='lat' dir='ltr'>monumenta</span> <span class='ocrx_word' id='word_1_381' title='bbox 1724 1089 1796 1127; x_wconf 92' lang='lat' dir='ltr'>pro</span> 
     </span>
     <span class='ocr_line' id='line_1_116' title="bbox 1390 1130 1797 1181; baseline 0.005 -13"><span class='ocrx_word' id='word_1_382' title='bbox 1390 1130 1554 1168; x_wconf 91' lang='lat' dir='ltr'>fetarum</span> <span class='ocrx_word' id='word_1_383' title='bbox 1576 1132 1797 1181; x_wconf 87' lang='lat' dir='ltr'>inproperat</span> 
     </span>
     <span class='ocr_line' id='line_1_117' title="bbox 1390 1183 1894 1239; baseline 0.004 -17"><span class='ocrx_word' id='word_1_384' title='bbox 1390 1184 1476 1223; x_wconf 74' lang='lat' dir='ltr'>dms</span> <span class='ocrx_word' id='word_1_385' title='bbox 1495 1185 1681 1235; x_wconf 90' lang='lat' dir='ltr'>phariseis</span> <span class='ocrx_word' id='word_1_386' title='bbox 1805 1183 1894 1239; x_wconf 72' lang='lat' dir='ltr'>[dns</span> 
     </span>
     <span class='ocr_line' id='line_1_118' title="bbox 1391 1239 1894 1290; baseline 0.006 -14"><span class='ocrx_word' id='word_1_387' title='bbox 1391 1249 1573 1277; x_wconf 81' lang='lat' dir='ltr'><strong><em>XXXUIIII</em></strong></span> <span class='ocrx_word' id='word_1_388' title='bbox 1581 1239 1693 1277; x_wconf 88' lang='lat' dir='ltr'>Dicit</span> <span class='ocrx_word' id='word_1_389' title='bbox 1701 1241 1894 1290; x_wconf 85' lang='lat' dir='ltr'>discipulis</span> 
     </span>
     <span class='ocr_line' id='line_1_119' title="bbox 1389 1293 1796 1333; baseline 0.002 -1"><span class='ocrx_word' id='word_1_390' title='bbox 1389 1294 1583 1332; x_wconf 89' lang='lat' dir='ltr'>adtendite</span> <span class='ocrx_word' id='word_1_391' title='bbox 1605 1307 1627 1332; x_wconf 91' lang='lat' dir='ltr'>a</span> <span class='ocrx_word' id='word_1_392' title='bbox 1646 1293 1796 1333; x_wconf 91' lang='lat' dir='ltr'>fermen</span> 
     </span>
    </p>

    <p class='ocr_par' dir='ltr' id='par_1_31' title="bbox 1389 1349 1778 1399">
     <span class='ocr_line' id='line_1_120' title="bbox 1389 1349 1778 1399; baseline 0.003 -13"><span class='ocrx_word' id='word_1_393' title='bbox 1389 1354 1429 1387; x_wconf 95' lang='lat' dir='ltr'>to</span> <span class='ocrx_word' id='word_1_394' title='bbox 1450 1349 1720 1399; x_wconf 88' lang='lat' dir='ltr'>phariseorum</span> <span class='ocrx_word' id='word_1_395' title='bbox 1740 1355 1778 1387; x_wconf 91' lang='lat' dir='ltr'>et</span> 
     </span>
    </p>

    <p class='ocr_par' dir='ltr' id='par_1_32' title="bbox 1389 1403 1855 1497">
     <span class='ocr_line' id='line_1_121' title="bbox 1389 1403 1855 1453; baseline 0.006 -13"><span class='ocrx_word' id='word_1_396' title='bbox 1389 1403 1454 1453; x_wconf 92' lang='lat' dir='ltr'>qui</span> <span class='ocrx_word' id='word_1_397' title='bbox 1476 1404 1611 1442; x_wconf 85' lang='lat' dir='ltr'>dixerit</span> <span class='ocrx_word' id='word_1_398' title='bbox 1631 1403 1671 1441; x_wconf 91' lang='lat' dir='ltr'>in</span> <span class='ocrx_word' id='word_1_399' title='bbox 1693 1407 1766 1453; x_wconf 72' lang='lat' dir='ltr'>spu</span> <span class='ocrx_word' id='word_1_400' title='bbox 1788 1408 1855 1443; x_wconf 66' lang='lat' dir='ltr'>sco</span> 
     </span>
     <span class='ocr_line' id='line_1_122' title="bbox 1389 1458 1774 1497; baseline 0.003 -2"><span class='ocrx_word' id='word_1_401' title='bbox 1389 1470 1469 1496; x_wconf 89' lang='lat' dir='ltr'>non</span> <span class='ocrx_word' id='word_1_402' title='bbox 1488 1458 1700 1497; x_wconf 89' lang='lat' dir='ltr'>remittetur</span> <span class='ocrx_word' id='word_1_403' title='bbox 1719 1459 1774 1496; x_wconf 92' lang='lat' dir='ltr'>eis</span> 
     </span>
    </p>

    <p class='ocr_par' dir='ltr' id='par_1_33' title="bbox 1386 1512 1870 1618">
     <span class='ocr_line' id='line_1_123' title="bbox 1387 1512 1870 1564; baseline 0.002 -14"><span class='ocrx_word' id='word_1_404' title='bbox 1387 1519 1426 1550; x_wconf 93' lang='lat' dir='ltr'>et</span> <span class='ocrx_word' id='word_1_405' title='bbox 1445 1513 1564 1551; x_wconf 91' lang='lat' dir='ltr'>nolite</span> <span class='ocrx_word' id='word_1_406' title='bbox 1585 1513 1755 1563; x_wconf 91' lang='lat' dir='ltr'>cogitare</span> <span class='ocrx_word' id='word_1_407' title='bbox 1776 1512 1870 1564; x_wconf 90' lang='lat' dir='ltr'>quid</span> 
     </span>
     <span class='ocr_line' id='line_1_124' title="bbox 1386 1566 1601 1618; baseline -0.005 -13"><span class='ocrx_word' id='word_1_408' title='bbox 1386 1566 1601 1618; x_wconf 88' lang='lat' dir='ltr'>loquamini</span> 
     </span>
    </p>

    <p class='ocr_par' dir='ltr' id='par_1_34' title="bbox 1388 1622 1892 1661">
     <span class='ocr_line' id='line_1_125' title="bbox 1388 1622 1892 1661; baseline 0.006 -3"><span class='ocrx_word' id='word_1_409' title='bbox 1388 1632 1438 1658; x_wconf 80' lang='lat' dir='ltr'>XL</span> <span class='ocrx_word' id='word_1_410' title='bbox 1458 1622 1638 1660; x_wconf 84' lang='lat' dir='ltr'>Hominis</span> <span class='ocrx_word' id='word_1_411' title='bbox 1658 1622 1772 1660; x_wconf 89' lang='lat' dir='ltr'>diutis</span> <span class='ocrx_word' id='word_1_412' title='bbox 1787 1622 1892 1661; x_wconf 83' lang='lat' dir='ltr'><em>ubere</em></span> 
     </span>
    </p>
   </div>
   <div class='ocr_carea' id='block_1_9' title="bbox 1386 1708 1896 3011">
    <p class='ocr_par' dir='ltr' id='par_1_35' title="bbox 1386 1708 1801 1803">
     <span class='ocr_line' id='line_1_126' title="bbox 1386 1708 1801 1759; baseline 0 -12"><span class='ocrx_word' id='word_1_413' title='bbox 1386 1709 1552 1748; x_wconf 89' lang='lat' dir='ltr'>Fructus</span> <span class='ocrx_word' id='word_1_414' title='bbox 1572 1708 1708 1747; x_wconf 91' lang='lat' dir='ltr'>adtulit</span> <span class='ocrx_word' id='word_1_415' title='bbox 1728 1721 1801 1759; x_wconf 91' lang='lat' dir='ltr'>pos</span> 
     </span>
     <span class='ocr_line' id='line_1_127' title="bbox 1386 1764 1782 1803; baseline 0 -1"><span class='ocrx_word' id='word_1_416' title='bbox 1386 1764 1503 1803; x_wconf 88' lang='lat' dir='ltr'>setsio</span> <span class='ocrx_word' id='word_1_417' title='bbox 1522 1764 1640 1802; x_wconf 84' lang='lat' dir='ltr'>nolite</span> <span class='ocrx_word' id='word_1_418' title='bbox 1660 1764 1782 1802; x_wconf 87' lang='lat' dir='ltr'>sollici</span> 
     </span>
    </p>

    <p class='ocr_par' dir='ltr' id='par_1_36' title="bbox 1386 1818 1879 1965">
     <span class='ocr_line' id='line_1_128' title="bbox 1386 1818 1787 1868; baseline 0 -12"><span class='ocrx_word' id='word_1_419' title='bbox 1386 1819 1414 1856; x_wconf 91' lang='lat' dir='ltr'>ti</span> <span class='ocrx_word' id='word_1_420' title='bbox 1435 1831 1522 1857; x_wconf 88' lang='lat' dir='ltr'>esse</span> <span class='ocrx_word' id='word_1_421' title='bbox 1543 1819 1671 1856; x_wconf 92' lang='lat' dir='ltr'>anime</span> <span class='ocrx_word' id='word_1_422' title='bbox 1692 1818 1787 1868; x_wconf 91' lang='lat' dir='ltr'>quid</span> 
     </span>
     <span class='ocr_line' id='line_1_129' title="bbox 1387 1872 1879 1923; baseline 0 -12"><span class='ocrx_word' id='word_1_423' title='bbox 1387 1885 1487 1922; x_wconf 89' lang='lat' dir='ltr'>opus</span> <span class='ocrx_word' id='word_1_424' title='bbox 1507 1873 1554 1911; x_wconf 89' lang='lat' dir='ltr'>sit</span> <span class='ocrx_word' id='word_1_425' title='bbox 1573 1879 1610 1912; x_wconf 90' lang='lat' dir='ltr'>et</span> <span class='ocrx_word' id='word_1_426' title='bbox 1632 1873 1679 1911; x_wconf 92' lang='lat' dir='ltr'>de</span> <span class='ocrx_word' id='word_1_427' title='bbox 1700 1873 1777 1911; x_wconf 90' lang='lat' dir='ltr'>lilia</span> <span class='ocrx_word' id='word_1_428' title='bbox 1797 1872 1879 1923; x_wconf 89' lang='lat' dir='ltr'>agri</span> 
     </span>
     <span class='ocr_line' id='line_1_130' title="bbox 1389 1927 1479 1965; baseline 0 0"><span class='ocrx_word' id='word_1_429' title='bbox 1389 1927 1479 1965; x_wconf 91' lang='lat' dir='ltr'>dicit</span> 
     </span>
    </p>

    <p class='ocr_par' dir='ltr' id='par_1_37' title="bbox 1388 1980 1842 2085">
     <span class='ocr_line' id='line_1_131' title="bbox 1390 1980 1842 2032; baseline 0.004 -14"><span class='ocrx_word' id='word_1_430' title='bbox 1390 1991 1460 2018; x_wconf 80' lang='lat' dir='ltr'>XLI</span> <span class='ocrx_word' id='word_1_431' title='bbox 1476 1980 1605 2020; x_wconf 90' lang='lat' dir='ltr'><em>Nolite</em></span> <span class='ocrx_word' id='word_1_432' title='bbox 1623 1983 1752 2020; x_wconf 89' lang='lat' dir='ltr'><em>timere</em></span> <span class='ocrx_word' id='word_1_433' title='bbox 1762 1989 1842 2032; x_wconf 81' lang='lat' dir='ltr'>pus</span> 
     </span>
     <span class='ocr_line' id='line_1_132' title="bbox 1388 2036 1798 2085; baseline 0 -11"><span class='ocrx_word' id='word_1_434' title='bbox 1388 2036 1474 2074; x_wconf 91' lang='lat' dir='ltr'>illus</span> <span class='ocrx_word' id='word_1_435' title='bbox 1494 2048 1589 2085; x_wconf 88' lang='lat' dir='ltr'>grex</span> <span class='ocrx_word' id='word_1_436' title='bbox 1608 2043 1646 2074; x_wconf 92' lang='lat' dir='ltr'>et</span> <span class='ocrx_word' id='word_1_437' title='bbox 1667 2036 1715 2074; x_wconf 90' lang='lat' dir='ltr'>de</span> <span class='ocrx_word' id='word_1_438' title='bbox 1736 2048 1798 2075; x_wconf 91' lang='lat' dir='ltr'>ser</span> 
     </span>
    </p>

    <p class='ocr_par' dir='ltr' id='par_1_38' title="bbox 1389 2091 1796 2194">
     <span class='ocr_line' id='line_1_133' title="bbox 1389 2091 1796 2141; baseline 0 -13"><span class='ocrx_word' id='word_1_439' title='bbox 1389 2103 1440 2128; x_wconf 93' lang='lat' dir='ltr'>uo</span> <span class='ocrx_word' id='word_1_440' title='bbox 1461 2102 1578 2141; x_wconf 93' lang='lat' dir='ltr'>quem</span> <span class='ocrx_word' id='word_1_441' title='bbox 1598 2091 1796 2129; x_wconf 85' lang='lat' dir='ltr'>constituit</span> 
     </span>
     <span class='ocr_line' id='line_1_134' title="bbox 1389 2144 1796 2194; baseline -0.002 -11"><span class='ocrx_word' id='word_1_442' title='bbox 1389 2145 1476 2183; x_wconf 74' lang='lat' dir='ltr'>dms</span> <span class='ocrx_word' id='word_1_443' title='bbox 1497 2157 1613 2194; x_wconf 92' lang='lat' dir='ltr'>super</span> <span class='ocrx_word' id='word_1_444' title='bbox 1632 2144 1796 2183; x_wconf 87' lang='lat' dir='ltr'>familias</span> 
     </span>
    </p>

    <p class='ocr_par' dir='ltr' id='par_1_39' title="bbox 1388 2199 1770 2239">
     <span class='ocr_line' id='line_1_135' title="bbox 1388 2199 1770 2239; baseline 0.005 -2"><span class='ocrx_word' id='word_1_445' title='bbox 1388 2206 1428 2237; x_wconf 90' lang='lat' dir='ltr'>ut</span> <span class='ocrx_word' id='word_1_446' title='bbox 1448 2199 1512 2238; x_wconf 88' lang='lat' dir='ltr'>det</span> <span class='ocrx_word' id='word_1_447' title='bbox 1532 2199 1587 2238; x_wconf 90' lang='lat' dir='ltr'>eis</span> <span class='ocrx_word' id='word_1_448' title='bbox 1608 2199 1770 2239; x_wconf 90' lang='lat' dir='ltr'>ciuarias</span> 
     </span>
    </p>

    <p class='ocr_par' dir='ltr' id='par_1_40' title="bbox 1386 2252 1896 2725">
     <span class='ocr_line' id='line_1_136' title="bbox 1390 2252 1896 2303; baseline 0.006 -13"><span class='ocrx_word' id='word_1_449' title='bbox 1390 2264 1477 2291; x_wconf 80' lang='lat' dir='ltr'><strong><em>XLII</em></strong></span> <span class='ocrx_word' id='word_1_450' title='bbox 1489 2252 1579 2292; x_wconf 93' lang='lat' dir='ltr'>Non</span> <span class='ocrx_word' id='word_1_451' title='bbox 1592 2255 1681 2291; x_wconf 90' lang='lat' dir='ltr'><em>ueni</em></span> <span class='ocrx_word' id='word_1_452' title='bbox 1681 2261 1812 2303; x_wconf 81' lang='lat' dir='ltr'><em>pacem</em></span> <span class='ocrx_word' id='word_1_453' title='bbox 1825 2255 1896 2293; x_wconf 88' lang='lat' dir='ltr'>mit</span> 
     </span>
     <span class='ocr_line' id='line_1_137' title="bbox 1389 2308 1819 2358; baseline 0 -12"><span class='ocrx_word' id='word_1_454' title='bbox 1389 2315 1468 2347; x_wconf 89' lang='lat' dir='ltr'>tere</span> <span class='ocrx_word' id='word_1_455' title='bbox 1489 2308 1557 2346; x_wconf 89' lang='lat' dir='ltr'>sed</span> <span class='ocrx_word' id='word_1_456' title='bbox 1577 2309 1748 2358; x_wconf 88' lang='lat' dir='ltr'>gladium</span> <span class='ocrx_word' id='word_1_457' title='bbox 1770 2309 1819 2347; x_wconf 92' lang='lat' dir='ltr'>da</span> 
     </span>
     <span class='ocr_line' id='line_1_138' title="bbox 1388 2362 1818 2413; baseline 0.002 -13"><span class='ocrx_word' id='word_1_458' title='bbox 1388 2375 1509 2413; x_wconf 90' lang='lat' dir='ltr'>opera</span> <span class='ocrx_word' id='word_1_459' title='bbox 1528 2362 1679 2401; x_wconf 90' lang='lat' dir='ltr'>liberari</span> <span class='ocrx_word' id='word_1_460' title='bbox 1697 2363 1747 2401; x_wconf 89' lang='lat' dir='ltr'>ab</span> <span class='ocrx_word' id='word_1_461' title='bbox 1768 2362 1818 2401; x_wconf 91' lang='lat' dir='ltr'>ad</span> 
     </span>
     <span class='ocr_line' id='line_1_139' title="bbox 1386 2417 1842 2456; baseline 0.002 -2"><span class='ocrx_word' id='word_1_462' title='bbox 1386 2418 1558 2455; x_wconf 90' lang='lat' dir='ltr'>uersario</span> <span class='ocrx_word' id='word_1_463' title='bbox 1579 2417 1672 2455; x_wconf 91' lang='lat' dir='ltr'>dum</span> <span class='ocrx_word' id='word_1_464' title='bbox 1692 2429 1733 2456; x_wconf 90' lang='lat' dir='ltr'>es</span> <span class='ocrx_word' id='word_1_465' title='bbox 1752 2429 1842 2456; x_wconf 88' lang='lat' dir='ltr'>cum</span> 
     </span>
     <span class='ocr_line' id='line_1_140' title="bbox 1388 2472 1822 2510; baseline 0.002 -1"><span class='ocrx_word' id='word_1_466' title='bbox 1388 2472 1453 2510; x_wconf 95' lang='lat' dir='ltr'>illo</span> <span class='ocrx_word' id='word_1_467' title='bbox 1475 2472 1513 2509; x_wconf 92' lang='lat' dir='ltr'>in</span> <span class='ocrx_word' id='word_1_468' title='bbox 1533 2472 1636 2510; x_wconf 90' lang='lat' dir='ltr'>uiam</span> <span class='ocrx_word' id='word_1_469' title='bbox 1658 2480 1695 2510; x_wconf 93' lang='lat' dir='ltr'>et</span> <span class='ocrx_word' id='word_1_470' title='bbox 1715 2473 1822 2510; x_wconf 89' lang='lat' dir='ltr'>uenit</span> 
     </span>
     <span class='ocr_line' id='line_1_141' title="bbox 1388 2526 1864 2576; baseline -0.002 -12"><span class='ocrx_word' id='word_1_471' title='bbox 1388 2526 1438 2564; x_wconf 91' lang='lat' dir='ltr'>ad</span> <span class='ocrx_word' id='word_1_472' title='bbox 1458 2527 1637 2564; x_wconf 89' lang='lat' dir='ltr'>arborem</span> <span class='ocrx_word' id='word_1_473' title='bbox 1657 2526 1752 2565; x_wconf 89' lang='lat' dir='ltr'>ficus</span> <span class='ocrx_word' id='word_1_474' title='bbox 1771 2526 1864 2576; x_wconf 72' lang='lat' dir='ltr'>pla-</span> 
     </span>
     <span class='ocr_line' id='line_1_142' title="bbox 1388 2580 1856 2630; baseline 0.004 -13"><span class='ocrx_word' id='word_1_475' title='bbox 1388 2587 1426 2618; x_wconf 88' lang='lat' dir='ltr'>ta</span> <span class='ocrx_word' id='word_1_476' title='bbox 1444 2580 1484 2617; x_wconf 91' lang='lat' dir='ltr'>in</span> <span class='ocrx_word' id='word_1_477' title='bbox 1503 2580 1658 2618; x_wconf 89' lang='lat' dir='ltr'>uineam</span> <span class='ocrx_word' id='word_1_478' title='bbox 1678 2593 1754 2630; x_wconf 91' lang='lat' dir='ltr'>que</span> <span class='ocrx_word' id='word_1_479' title='bbox 1773 2588 1856 2619; x_wconf 73' lang='lat' dir='ltr'>no-</span> 
     </span>
     <span class='ocr_line' id='line_1_143' title="bbox 1387 2634 1794 2684; baseline 0 -13"><span class='ocrx_word' id='word_1_480' title='bbox 1387 2634 1520 2672; x_wconf 90' lang='lat' dir='ltr'>fecerit</span> <span class='ocrx_word' id='word_1_481' title='bbox 1539 2634 1706 2672; x_wconf 90' lang='lat' dir='ltr'>fructum</span> <span class='ocrx_word' id='word_1_482' title='bbox 1726 2647 1794 2684; x_wconf 90' lang='lat' dir='ltr'>per</span> 
     </span>
     <span class='ocr_line' id='line_1_144' title="bbox 1389 2694 1607 2725; baseline 0.005 -1"><span class='ocrx_word' id='word_1_483' title='bbox 1389 2700 1511 2725; x_wconf 89' lang='lat' dir='ltr'>annos</span> <span class='ocrx_word' id='word_1_484' title='bbox 1531 2694 1607 2725; x_wconf 87' lang='lat' dir='ltr'>tres</span> 
     </span>
    </p>

    <p class='ocr_par' dir='ltr' id='par_1_41' title="bbox 1388 2741 1874 2845">
     <span class='ocr_line' id='line_1_145' title="bbox 1390 2741 1874 2791; baseline 0.004 -13"><span class='ocrx_word' id='word_1_485' title='bbox 1390 2751 1496 2778; x_wconf 77' lang='lat' dir='ltr'><strong><em>XLIII</em></strong></span> <span class='ocrx_word' id='word_1_486' title='bbox 1510 2741 1572 2779; x_wconf 86' lang='lat' dir='ltr'>De</span> <span class='ocrx_word' id='word_1_487' title='bbox 1589 2743 1771 2791; x_wconf 79' lang='lat' dir='ltr'>sanguine</span> <span class='ocrx_word' id='word_1_488' title='bbox 1782 2743 1874 2791; x_wconf 73' lang='lat' dir='ltr'>gale·</span> 
     </span>
     <span class='ocr_line' id='line_1_146' title="bbox 1388 2796 1767 2845; baseline 0 -12"><span class='ocrx_word' id='word_1_489' title='bbox 1388 2796 1536 2834; x_wconf 92' lang='lat' dir='ltr'>leorum</span> <span class='ocrx_word' id='word_1_490' title='bbox 1557 2808 1674 2845; x_wconf 90' lang='lat' dir='ltr'>quem</span> <span class='ocrx_word' id='word_1_491' title='bbox 1695 2796 1767 2833; x_wconf 90' lang='lat' dir='ltr'>mis</span> 
     </span>
    </p>

    <p class='ocr_par' dir='ltr' id='par_1_42' title="bbox 1387 2850 1798 2942">
     <span class='ocr_line' id='line_1_147' title="bbox 1389 2850 1798 2899; baseline 0 -11"><span class='ocrx_word' id='word_1_492' title='bbox 1389 2850 1467 2888; x_wconf 91' lang='lat' dir='ltr'>cuit</span> <span class='ocrx_word' id='word_1_493' title='bbox 1486 2850 1626 2899; x_wconf 91' lang='lat' dir='ltr'>pilatus</span> <span class='ocrx_word' id='word_1_494' title='bbox 1646 2861 1736 2888; x_wconf 92' lang='lat' dir='ltr'>cum</span> <span class='ocrx_word' id='word_1_495' title='bbox 1755 2862 1798 2888; x_wconf 88' lang='lat' dir='ltr'>sa</span> 
     </span>
     <span class='ocr_line' id='line_1_148' title="bbox 1387 2904 1538 2942; baseline 0 -1"><span class='ocrx_word' id='word_1_496' title='bbox 1387 2904 1538 2942; x_wconf 91' lang='lat' dir='ltr'>crificiis</span> 
     </span>
    </p>

    <p class='ocr_par' dir='ltr' id='par_1_43' title="bbox 1389 2957 1895 3011">
     <span class='ocr_line' id='line_1_149' title="bbox 1389 2957 1895 3011; baseline 0.006 -16"><span class='ocrx_word' id='word_1_497' title='bbox 1389 2967 1514 2996; x_wconf 72' lang='lat' dir='ltr'><strong><em>XLIIII</em></strong></span> <span class='ocrx_word' id='word_1_498' title='bbox 1523 2957 1674 2998; x_wconf 87' lang='lat' dir='ltr'><em>Mulier</em></span> <span class='ocrx_word' id='word_1_499' title='bbox 1684 2958 1731 2998; x_wconf 85' lang='lat' dir='ltr'>ab</span> <span class='ocrx_word' id='word_1_500' title='bbox 1743 2959 1895 3011; x_wconf 84' lang='lat' dir='ltr'>infirmi</span> 
     </span>
    </p>
   </div>
   <div class='ocr_carea' id='block_1_10' title="bbox 2379 249 2428 288">
    <p class='ocr_par' dir='ltr' id='par_1_44' title="bbox 2379 249 2428 288">
     <span class='ocr_line' id='line_1_150' title="bbox 2379 249 2428 288; baseline 0.02 -1"><span class='ocrx_word' id='word_1_501' title='bbox 2379 249 2428 288; x_wconf 87' lang='lat'>45</span> 
     </span>
    </p>
   </div>
   <div class='ocr_carea' id='block_1_11' title="bbox 1781 365 2348 422">
    <p class='ocr_par' dir='ltr' id='par_1_45' title="bbox 1781 365 2348 422">
     <span class='ocr_line' id='line_1_151' title="bbox 1781 365 2348 422; baseline 0.004 -16"><span class='ocrx_word' id='word_1_502' title='bbox 1781 365 1899 422; x_wconf 80' lang='lat' dir='ltr'><em>[quod</em></span> <span class='ocrx_word' id='word_1_503' title='bbox 1930 367 2030 406; x_wconf 89' lang='lat' dir='ltr'>Tate</span> <span class='ocrx_word' id='word_1_504' title='bbox 2050 381 2242 407; x_wconf 89' lang='lat' dir='ltr'>annorum</span> <span class='ocrx_word' id='word_1_505' title='bbox 2262 381 2348 408; x_wconf 84' lang='lat' dir='ltr'>xU11</span> 
     </span>
    </p>
   </div>
   <div class='ocr_carea' id='block_1_12' title="bbox 1926 424 2438 1661">
    <p class='ocr_par' dir='ltr' id='par_1_46' title="bbox 1927 424 2434 799">
     <span class='ocr_line' id='line_1_152' title="bbox 1929 424 2339 463; baseline 0.007 -3"><span class='ocrx_word' id='word_1_506' title='bbox 1929 424 2080 461; x_wconf 87' lang='lat' dir='ltr'>sanauit</span> <span class='ocrx_word' id='word_1_507' title='bbox 2100 424 2159 462; x_wconf 82' lang='lat' dir='ltr'>ihs</span> <span class='ocrx_word' id='word_1_508' title='bbox 2179 425 2270 462; x_wconf 88' lang='lat' dir='ltr'>item</span> <span class='ocrx_word' id='word_1_509' title='bbox 2291 425 2339 463; x_wconf 93' lang='lat' dir='ltr'>de</span> 
     </span>
     <span class='ocr_line' id='line_1_153' title="bbox 1928 478 2350 529; baseline 0.007 -15"><span class='ocrx_word' id='word_1_510' title='bbox 1928 489 2052 527; x_wconf 90' lang='lat' dir='ltr'>grano</span> <span class='ocrx_word' id='word_1_511' title='bbox 2073 478 2216 529; x_wconf 90' lang='lat' dir='ltr'>sinapis</span> <span class='ocrx_word' id='word_1_512' title='bbox 2236 486 2274 517; x_wconf 86' lang='lat' dir='ltr'>et</span> <span class='ocrx_word' id='word_1_513' title='bbox 2294 479 2350 517; x_wconf 85' lang='lat' dir='ltr'>fer</span> 
     </span>
     <span class='ocr_line' id='line_1_154' title="bbox 1931 534 2360 573; baseline 0.007 -5"><span class='ocrx_word' id='word_1_514' title='bbox 1931 539 2076 571; x_wconf 87' lang='lat' dir='ltr'>mento</span> <span class='ocrx_word' id='word_1_515' title='bbox 2102 534 2299 573; x_wconf 88' lang='lat' dir='ltr'>absconso</span> <span class='ocrx_word' id='word_1_516' title='bbox 2318 534 2360 571; x_wconf 88' lang='lat' dir='ltr'>in</span> 
     </span>
     <span class='ocr_line' id='line_1_155' title="bbox 1927 585 2090 624; baseline 0.006 -1"><span class='ocrx_word' id='word_1_517' title='bbox 1927 585 2090 624; x_wconf 90' lang='lat' dir='ltr'>farinam</span> 
     </span>
     <span class='ocr_line' id='line_1_156' title="bbox 1929 641 2434 692; baseline 0.008 -15"><span class='ocrx_word' id='word_1_518' title='bbox 1929 641 2434 692; x_wconf 73' lang='lat' dir='ltr'><em>XLsz‘liregniexpellentur</em></span> 
     </span>
     <span class='ocr_line' id='line_1_157' title="bbox 1927 697 2318 735; baseline 0.003 -2"><span class='ocrx_word' id='word_1_519' title='bbox 1927 701 1965 733; x_wconf 91' lang='lat' dir='ltr'>et</span> <span class='ocrx_word' id='word_1_520' title='bbox 1985 703 2096 734; x_wconf 91' lang='lat' dir='ltr'>erunt</span> <span class='ocrx_word' id='word_1_521' title='bbox 2115 697 2318 735; x_wconf 87' lang='lat' dir='ltr'>nouissimi</span> 
     </span>
     <span class='ocr_line' id='line_1_158' title="bbox 1927 750 2042 799; baseline 0.009 -13"><span class='ocrx_word' id='word_1_522' title='bbox 1927 750 2042 799; x_wconf 92' lang='lat' dir='ltr'>primi</span> 
     </span>
    </p>

    <p class='ocr_par' dir='ltr' id='par_1_47' title="bbox 1927 804 2434 1127">
     <span class='ocr_line' id='line_1_159' title="bbox 1928 804 2434 845; baseline 0.01 -5"><span class='ocrx_word' id='word_1_523' title='bbox 1928 814 1977 840; x_wconf 71' lang='lat' dir='ltr'>xl,</span> <span class='ocrx_word' id='word_1_524' title='bbox 1982 814 2021 841; x_wconf 76' lang='lat' dir='ltr'>[JI</span> <span class='ocrx_word' id='word_1_525' title='bbox 2030 804 2268 843; x_wconf 76' lang='lat' dir='ltr'><em>Hierusalem</em></span> <span class='ocrx_word' id='word_1_526' title='bbox 2281 807 2434 845; x_wconf 83' lang='lat' dir='ltr'>iherusa</span> 
     </span>
     <span class='ocr_line' id='line_1_160' title="bbox 1927 858 2359 911; baseline 0.007 -15"><span class='ocrx_word' id='word_1_527' title='bbox 1927 858 2004 897; x_wconf 91' lang='lat' dir='ltr'>lem</span> <span class='ocrx_word' id='word_1_528' title='bbox 2027 871 2102 909; x_wconf 91' lang='lat' dir='ltr'>que</span> <span class='ocrx_word' id='word_1_529' title='bbox 2122 860 2268 898; x_wconf 90' lang='lat' dir='ltr'>occidis</span> <span class='ocrx_word' id='word_1_530' title='bbox 2288 873 2359 911; x_wconf 87' lang='lat' dir='ltr'>pro</span> 
     </span>
     <span class='ocr_line' id='line_1_161' title="bbox 1927 912 2434 968; baseline 0.002 -17"><span class='ocrx_word' id='word_1_531' title='bbox 1927 913 2065 964; x_wconf 90' lang='lat' dir='ltr'>phetas</span> <span class='ocrx_word' id='word_1_532' title='bbox 2354 912 2434 968; x_wconf 70' lang='lat' dir='ltr'>[ifzs</span> 
     </span>
     <span class='ocr_line' id='line_1_162' title="bbox 1929 966 2433 1020; baseline 0.006 -16"><span class='ocrx_word' id='word_1_533' title='bbox 1929 978 2042 1005; x_wconf 79' lang='lat' dir='ltr'><strong><em>XLUII</em></strong></span> <span class='ocrx_word' id='word_1_534' title='bbox 2080 966 2158 1006; x_wconf 83' lang='lat' dir='ltr'>Ubi</span> <span class='ocrx_word' id='word_1_535' title='bbox 2193 969 2433 1020; x_wconf 79' lang='lat' dir='ltr'>hydropicum</span> 
     </span>
     <span class='ocr_line' id='line_1_163' title="bbox 1929 1022 2312 1074; baseline 0.005 -14"><span class='ocrx_word' id='word_1_536' title='bbox 1929 1022 2076 1061; x_wconf 90' lang='lat' dir='ltr'>curauit</span> <span class='ocrx_word' id='word_1_537' title='bbox 2095 1029 2133 1061; x_wconf 89' lang='lat' dir='ltr'>et</span> <span class='ocrx_word' id='word_1_538' title='bbox 2153 1022 2312 1074; x_wconf 89' lang='lat' dir='ltr'>diligere</span> 
     </span>
     <span class='ocr_line' id='line_1_164' title="bbox 1928 1077 2285 1127; baseline 0.006 -13"><span class='ocrx_word' id='word_1_539' title='bbox 1928 1077 2127 1127; x_wconf 91' lang='lat' dir='ltr'>proximos</span> <span class='ocrx_word' id='word_1_540' title='bbox 2147 1078 2285 1116; x_wconf 91' lang='lat' dir='ltr'>accubi</span> 
     </span>
    </p>

    <p class='ocr_par' dir='ltr' id='par_1_48' title="bbox 1926 1132 2379 1279">
     <span class='ocr_line' id='line_1_165' title="bbox 1928 1132 2379 1171; baseline 0.004 -2"><span class='ocrx_word' id='word_1_541' title='bbox 1928 1139 1989 1170; x_wconf 89' lang='lat' dir='ltr'>tos</span> <span class='ocrx_word' id='word_1_542' title='bbox 2009 1137 2048 1169; x_wconf 93' lang='lat' dir='ltr'>et</span> <span class='ocrx_word' id='word_1_543' title='bbox 2067 1132 2116 1170; x_wconf 89' lang='lat' dir='ltr'>ad</span> <span class='ocrx_word' id='word_1_544' title='bbox 2137 1144 2275 1170; x_wconf 86' lang='lat' dir='ltr'>cenam</span> <span class='ocrx_word' id='word_1_545' title='bbox 2296 1140 2379 1171; x_wconf 75' lang='lat' dir='ltr'>no-</span> 
     </span>
     <span class='ocr_line' id='line_1_166' title="bbox 1928 1186 2360 1238; baseline 0.005 -15"><span class='ocrx_word' id='word_1_546' title='bbox 1928 1186 2057 1224; x_wconf 89' lang='lat' dir='ltr'>diuitis</span> <span class='ocrx_word' id='word_1_547' title='bbox 2078 1186 2146 1224; x_wconf 89' lang='lat' dir='ltr'>sed</span> <span class='ocrx_word' id='word_1_548' title='bbox 2166 1198 2360 1238; x_wconf 91' lang='lat' dir='ltr'>pauperes</span> 
     </span>
     <span class='ocr_line' id='line_1_167' title="bbox 1926 1241 2149 1279; baseline 0.009 -2"><span class='ocrx_word' id='word_1_549' title='bbox 1926 1241 2149 1279; x_wconf 88' lang='lat' dir='ltr'>inbitandos</span> 
     </span>
    </p>

    <p class='ocr_par' dir='ltr' id='par_1_49' title="bbox 1927 1294 2438 1388">
     <span class='ocr_line' id='line_1_168' title="bbox 1929 1294 2438 1345; baseline 0.008 -15"><span class='ocrx_word' id='word_1_550' title='bbox 1929 1304 1977 1331; x_wconf 82' lang='lat' dir='ltr'>xL</span> <span class='ocrx_word' id='word_1_551' title='bbox 1982 1305 2062 1331; x_wconf 81' lang='lat' dir='ltr'><strong><em>UIII·</em></strong></span> <span class='ocrx_word' id='word_1_552' title='bbox 2073 1294 2134 1333; x_wconf 89' lang='lat' dir='ltr'>De</span> <span class='ocrx_word' id='word_1_553' title='bbox 2147 1308 2184 1333; x_wconf 93' lang='lat' dir='ltr'>eo</span> <span class='ocrx_word' id='word_1_554' title='bbox 2199 1296 2268 1345; x_wconf 84' lang='lat' dir='ltr'>qui</span> <span class='ocrx_word' id='word_1_555' title='bbox 2277 1296 2438 1334; x_wconf 89' lang='lat' dir='ltr'><em>uoluerit</em></span> 
     </span>
     <span class='ocr_line' id='line_1_169' title="bbox 1927 1349 2295 1388; baseline 0.003 -1"><span class='ocrx_word' id='word_1_556' title='bbox 1927 1356 2074 1388; x_wconf 90' lang='lat' dir='ltr'>turrem</span> <span class='ocrx_word' id='word_1_557' title='bbox 2094 1349 2295 1388; x_wconf 89' lang='lat' dir='ltr'>aedificare</span> 
     </span>
    </p>

    <p class='ocr_par' dir='ltr' id='par_1_50' title="bbox 1928 1404 2290 1443">
     <span class='ocr_line' id='line_1_170' title="bbox 1928 1404 2290 1443; baseline -0.003 -1"><span class='ocrx_word' id='word_1_558' title='bbox 1928 1411 1965 1442; x_wconf 93' lang='lat' dir='ltr'>et</span> <span class='ocrx_word' id='word_1_559' title='bbox 1984 1405 2134 1442; x_wconf 91' lang='lat' dir='ltr'>bonum</span> <span class='ocrx_word' id='word_1_560' title='bbox 2154 1411 2211 1442; x_wconf 89' lang='lat' dir='ltr'>est</span> <span class='ocrx_word' id='word_1_561' title='bbox 2235 1404 2290 1443; x_wconf 91' lang='lat' dir='ltr'>sal</span> 
     </span>
    </p>

    <p class='ocr_par' dir='ltr' id='par_1_51' title="bbox 1927 1458 2434 1618">
     <span class='ocr_line' id='line_1_171' title="bbox 1928 1458 2434 1509; baseline 0.004 -14"><span class='ocrx_word' id='word_1_562' title='bbox 1928 1469 1977 1495; x_wconf 78' lang='lat' dir='ltr'>XL</span> <span class='ocrx_word' id='word_1_563' title='bbox 1982 1468 2077 1495; x_wconf 81' lang='lat' dir='ltr'><strong><em>UIIII</em></strong></span> <span class='ocrx_word' id='word_1_564' title='bbox 2087 1458 2149 1496; x_wconf 88' lang='lat' dir='ltr'>De</span> <span class='ocrx_word' id='word_1_565' title='bbox 2163 1472 2226 1497; x_wconf 88' lang='lat' dir='ltr'>oue</span> <span class='ocrx_word' id='word_1_566' title='bbox 2240 1472 2306 1509; x_wconf 83' lang='lat' dir='ltr'>que</span> <span class='ocrx_word' id='word_1_567' title='bbox 2319 1472 2434 1497; x_wconf 87' lang='lat' dir='ltr'><em>rraue</em></span> 
     </span>
     <span class='ocr_line' id='line_1_172' title="bbox 1927 1513 2314 1552; baseline 0.003 -1"><span class='ocrx_word' id='word_1_568' title='bbox 1927 1519 1987 1551; x_wconf 89' lang='lat' dir='ltr'>rat</span> <span class='ocrx_word' id='word_1_569' title='bbox 2009 1513 2058 1551; x_wconf 91' lang='lat' dir='ltr'>de</span> <span class='ocrx_word' id='word_1_570' title='bbox 2079 1522 2237 1551; x_wconf 91' lang='lat' dir='ltr'>centum</span> <span class='ocrx_word' id='word_1_571' title='bbox 2274 1520 2314 1552; x_wconf 86' lang='lat' dir='ltr'>et</span> 
     </span>
     <span class='ocr_line' id='line_1_173' title="bbox 1927 1567 2298 1618; baseline 0.003 -13"><span class='ocrx_word' id='word_1_572' title='bbox 1927 1567 2065 1605; x_wconf 89' lang='lat' dir='ltr'>mulier</span> <span class='ocrx_word' id='word_1_573' title='bbox 2084 1580 2158 1618; x_wconf 91' lang='lat' dir='ltr'>que</span> <span class='ocrx_word' id='word_1_574' title='bbox 2178 1567 2298 1618; x_wconf 92' lang='lat' dir='ltr'>perde</span> 
     </span>
    </p>

    <p class='ocr_par' dir='ltr' id='par_1_52' title="bbox 1926 1622 2350 1661">
     <span class='ocr_line' id='line_1_174' title="bbox 1926 1622 2350 1661; baseline 0 -1"><span class='ocrx_word' id='word_1_575' title='bbox 1926 1622 2035 1661; x_wconf 87' lang='lat' dir='ltr'>derat</span> <span class='ocrx_word' id='word_1_576' title='bbox 2054 1634 2174 1660; x_wconf 91' lang='lat' dir='ltr'>unam</span> <span class='ocrx_word' id='word_1_577' title='bbox 2194 1622 2243 1661; x_wconf 91' lang='lat' dir='ltr'>de</span> <span class='ocrx_word' id='word_1_578' title='bbox 2263 1635 2350 1661; x_wconf 91' lang='lat' dir='ltr'>cem</span> 
     </span>
    </p>
   </div>
   <div class='ocr_carea' id='block_1_13' title="bbox 1923 1709 2435 3011">
    <p class='ocr_par' dir='ltr' id='par_1_53' title="bbox 1925 1709 2121 1760">
     <span class='ocr_line' id='line_1_175' title="bbox 1925 1709 2121 1760; baseline 0 -12"><span class='ocrx_word' id='word_1_579' title='bbox 1925 1709 2121 1760; x_wconf 88' lang='lat' dir='ltr'>Dragmas</span> 
     </span>
    </p>

    <p class='ocr_par' dir='ltr' id='par_1_54' title="bbox 1925 1763 2413 1911">
     <span class='ocr_line' id='line_1_176' title="bbox 1926 1763 2413 1814; baseline 0 -12"><span class='ocrx_word' id='word_1_580' title='bbox 1926 1774 1949 1801; x_wconf 81' lang='lat' dir='ltr'><em>L</em></span> <span class='ocrx_word' id='word_1_581' title='bbox 1964 1764 2087 1802; x_wconf 90' lang='lat' dir='ltr'><em>Homo</em></span> <span class='ocrx_word' id='word_1_582' title='bbox 2107 1765 2259 1814; x_wconf 86' lang='lat' dir='ltr'><em>quidam</em></span> <span class='ocrx_word' id='word_1_583' title='bbox 2279 1763 2413 1802; x_wconf 76' lang='lat' dir='ltr'>habuit</span> 
     </span>
     <span class='ocr_line' id='line_1_177' title="bbox 1926 1818 2399 1857; baseline 0 -1"><span class='ocrx_word' id='word_1_584' title='bbox 1926 1818 2026 1857; x_wconf 93' lang='lat' dir='ltr'>duos</span> <span class='ocrx_word' id='word_1_585' title='bbox 2047 1819 2148 1857; x_wconf 90' lang='lat' dir='ltr'>filios</span> <span class='ocrx_word' id='word_1_586' title='bbox 2168 1825 2205 1856; x_wconf 94' lang='lat' dir='ltr'>et</span> <span class='ocrx_word' id='word_1_587' title='bbox 2225 1819 2355 1857; x_wconf 91' lang='lat' dir='ltr'>diuisit</span> <span class='ocrx_word' id='word_1_588' title='bbox 2375 1819 2399 1856; x_wconf 90' lang='lat' dir='ltr'>il</span> 
     </span>
     <span class='ocr_line' id='line_1_178' title="bbox 1925 1873 2250 1911; baseline 0.003 -1"><span class='ocrx_word' id='word_1_589' title='bbox 1925 1873 1971 1911; x_wconf 88' lang='lat' dir='ltr'>lis</span> <span class='ocrx_word' id='word_1_590' title='bbox 1992 1873 2250 1911; x_wconf 88' lang='lat' dir='ltr'>substantiam</span> 
     </span>
    </p>

    <p class='ocr_par' dir='ltr' id='par_1_55' title="bbox 1924 1927 2410 2130">
     <span class='ocr_line' id='line_1_179' title="bbox 1924 1927 2404 1977; baseline 0.004 -14"><span class='ocrx_word' id='word_1_591' title='bbox 1924 1937 1967 1964; x_wconf 86' lang='lat' dir='ltr'>LI</span> <span class='ocrx_word' id='word_1_592' title='bbox 1982 1927 2043 1965; x_wconf 89' lang='lat' dir='ltr'>De</span> <span class='ocrx_word' id='word_1_593' title='bbox 2062 1928 2171 1965; x_wconf 87' lang='lat' dir='ltr'>uilico</span> <span class='ocrx_word' id='word_1_594' title='bbox 2194 1928 2404 1977; x_wconf 75' lang='lat' dir='ltr'>iniquitatis·</span> 
     </span>
     <span class='ocr_line' id='line_1_180' title="bbox 1926 1982 2367 2032; baseline -0.002 -12"><span class='ocrx_word' id='word_1_595' title='bbox 1926 1982 2032 2032; x_wconf 93' lang='lat' dir='ltr'>quod</span> <span class='ocrx_word' id='word_1_596' title='bbox 2052 1982 2258 2032; x_wconf 89' lang='lat' dir='ltr'>prudenter</span> <span class='ocrx_word' id='word_1_597' title='bbox 2277 1982 2367 2020; x_wconf 90' lang='lat' dir='ltr'>fecit</span> 
     </span>
     <span class='ocr_line' id='line_1_181' title="bbox 1927 2036 2410 2086; baseline 0.002 -13"><span class='ocrx_word' id='word_1_598' title='bbox 1927 2047 1989 2073; x_wconf 83' lang='lat' dir='ltr'>LII</span> <span class='ocrx_word' id='word_1_599' title='bbox 2007 2036 2126 2074; x_wconf 91' lang='lat' dir='ltr'><em>Nemo</em></span> <span class='ocrx_word' id='word_1_600' title='bbox 2139 2040 2255 2086; x_wconf 79' lang='lat' dir='ltr'>potest</span> <span class='ocrx_word' id='word_1_601' title='bbox 2271 2036 2410 2074; x_wconf 81' lang='lat' dir='ltr'><em>duobus</em></span> 
     </span>
     <span class='ocr_line' id='line_1_182' title="bbox 1927 2091 2316 2130; baseline -0.003 0"><span class='ocrx_word' id='word_1_602' title='bbox 1927 2091 2095 2130; x_wconf 91' lang='lat' dir='ltr'>dominis</span> <span class='ocrx_word' id='word_1_603' title='bbox 2116 2091 2259 2129; x_wconf 86' lang='lat' dir='ltr'>seruire</span> <span class='ocrx_word' id='word_1_604' title='bbox 2278 2096 2316 2129; x_wconf 94' lang='lat' dir='ltr'>et</span> 
     </span>
    </p>

    <p class='ocr_par' dir='ltr' id='par_1_56' title="bbox 1927 2145 2348 2196">
     <span class='ocr_line' id='line_1_183' title="bbox 1927 2145 2348 2196; baseline 0 -13"><span class='ocrx_word' id='word_1_605' title='bbox 1927 2146 1993 2196; x_wconf 91' lang='lat' dir='ltr'>qui</span> <span class='ocrx_word' id='word_1_606' title='bbox 2013 2145 2166 2183; x_wconf 89' lang='lat' dir='ltr'>dimittit</span> <span class='ocrx_word' id='word_1_607' title='bbox 2185 2157 2348 2184; x_wconf 87' lang='lat' dir='ltr'>uxorem</span> 
     </span>
    </p>

    <p class='ocr_par' dir='ltr' id='par_1_57' title="bbox 1926 2199 2330 2293">
     <span class='ocr_line' id='line_1_184' title="bbox 1927 2199 2330 2239; baseline -0.002 -1"><span class='ocrx_word' id='word_1_608' title='bbox 1927 2208 1965 2238; x_wconf 90' lang='lat' dir='ltr'>et</span> <span class='ocrx_word' id='word_1_609' title='bbox 1984 2200 2099 2238; x_wconf 88' lang='lat' dir='ltr'>aliam</span> <span class='ocrx_word' id='word_1_610' title='bbox 2119 2199 2223 2238; x_wconf 90' lang='lat' dir='ltr'>ducit</span> <span class='ocrx_word' id='word_1_611' title='bbox 2241 2212 2330 2239; x_wconf 91' lang='lat' dir='ltr'>moe</span> 
     </span>
     <span class='ocr_line' id='line_1_185' title="bbox 1926 2254 2062 2293; baseline -0.015 0"><span class='ocrx_word' id='word_1_612' title='bbox 1926 2254 2062 2293; x_wconf 89' lang='lat' dir='ltr'>chatur</span> 
     </span>
    </p>

    <p class='ocr_par' dir='ltr' id='par_1_58' title="bbox 1925 2308 2435 2629">
     <span class='ocr_line' id='line_1_186' title="bbox 1925 2308 2435 2358; baseline -0.002 -12"><span class='ocrx_word' id='word_1_613' title='bbox 1925 2318 2005 2346; x_wconf 81' lang='lat' dir='ltr'><strong><em>LIII</em></strong></span> <span class='ocrx_word' id='word_1_614' title='bbox 2021 2308 2082 2346; x_wconf 89' lang='lat' dir='ltr'>De</span> <span class='ocrx_word' id='word_1_615' title='bbox 2099 2309 2254 2358; x_wconf 82' lang='lat' dir='ltr'><em>quodam</em></span> <span class='ocrx_word' id='word_1_616' title='bbox 2270 2308 2383 2345; x_wconf 89' lang='lat' dir='ltr'>diuite</span> <span class='ocrx_word' id='word_1_617' title='bbox 2400 2312 2435 2346; x_wconf 87' lang='lat' dir='ltr'>et</span> 
     </span>
     <span class='ocr_line' id='line_1_187' title="bbox 1926 2364 2413 2413; baseline -0.004 -12"><span class='ocrx_word' id='word_1_618' title='bbox 1926 2364 2140 2401; x_wconf 91' lang='lat' dir='ltr'>eleazarum</span> <span class='ocrx_word' id='word_1_619' title='bbox 2162 2369 2198 2400; x_wconf 90' lang='lat' dir='ltr'>et</span> <span class='ocrx_word' id='word_1_620' title='bbox 2218 2375 2286 2413; x_wconf 91' lang='lat' dir='ltr'>per</span> <span class='ocrx_word' id='word_1_621' title='bbox 2304 2368 2413 2412; x_wconf 66' lang='lat' dir='ltr'>que-</span> 
     </span>
     <span class='ocr_line' id='line_1_188' title="bbox 1925 2416 2347 2456; baseline -0.005 -1"><span class='ocrx_word' id='word_1_622' title='bbox 1925 2418 2031 2456; x_wconf 91' lang='lat' dir='ltr'>uenit</span> <span class='ocrx_word' id='word_1_623' title='bbox 2051 2416 2275 2455; x_wconf 88' lang='lat' dir='ltr'>scandalum</span> <span class='ocrx_word' id='word_1_624' title='bbox 2294 2417 2347 2454; x_wconf 91' lang='lat' dir='ltr'>bo</span> 
     </span>
     <span class='ocr_line' id='line_1_189' title="bbox 1925 2469 2429 2509; baseline -0.004 0"><span class='ocrx_word' id='word_1_625' title='bbox 1925 2484 2021 2509; x_wconf 92' lang='lat' dir='ltr'>num</span> <span class='ocrx_word' id='word_1_626' title='bbox 2043 2478 2123 2509; x_wconf 87' lang='lat' dir='ltr'>erat</span> <span class='ocrx_word' id='word_1_627' title='bbox 2144 2471 2195 2508; x_wconf 91' lang='lat' dir='ltr'>illi</span> <span class='ocrx_word' id='word_1_628' title='bbox 2215 2483 2296 2509; x_wconf 89' lang='lat' dir='ltr'>non</span> <span class='ocrx_word' id='word_1_629' title='bbox 2320 2469 2429 2508; x_wconf 89' lang='lat' dir='ltr'>nasci</span> 
     </span>
     <span class='ocr_line' id='line_1_190' title="bbox 1925 2525 2429 2575; baseline 0 -13"><span class='ocrx_word' id='word_1_630' title='bbox 1925 2535 2024 2562; x_wconf 79' lang='lat' dir='ltr'><strong><em>LIIII</em></strong></span> <span class='ocrx_word' id='word_1_631' title='bbox 2029 2525 2064 2564; x_wconf 86' lang='lat' dir='ltr'><em>S</em></span> <span class='ocrx_word' id='word_1_632' title='bbox 2062 2527 2080 2562; x_wconf 90' lang='lat' dir='ltr'>i</span> <span class='ocrx_word' id='word_1_633' title='bbox 2081 2525 2429 2575; x_wconf 62' lang='lat' dir='ltr'><em>peccauerit&#39;fi‘ater</em></span> 
     </span>
     <span class='ocr_line' id='line_1_191' title="bbox 1925 2579 2312 2629; baseline -0.003 -12"><span class='ocrx_word' id='word_1_634' title='bbox 1925 2586 2014 2617; x_wconf 88' lang='lat' dir='ltr'>tuus</span> <span class='ocrx_word' id='word_1_635' title='bbox 2034 2580 2184 2629; x_wconf 89' lang='lat' dir='ltr'>corripe</span> <span class='ocrx_word' id='word_1_636' title='bbox 2205 2579 2312 2617; x_wconf 91' lang='lat' dir='ltr'>illum</span> 
     </span>
    </p>

    <p class='ocr_par' dir='ltr' id='par_1_59' title="bbox 1925 2633 2328 2683">
     <span class='ocr_line' id='line_1_192' title="bbox 1925 2633 2328 2683; baseline 0 -12"><span class='ocrx_word' id='word_1_637' title='bbox 1925 2639 1963 2671; x_wconf 87' lang='lat' dir='ltr'>et</span> <span class='ocrx_word' id='word_1_638' title='bbox 1983 2633 2159 2672; x_wconf 89' lang='lat' dir='ltr'>dixerunt</span> <span class='ocrx_word' id='word_1_639' title='bbox 2179 2633 2328 2683; x_wconf 90' lang='lat' dir='ltr'>discipu</span> 
     </span>
    </p>

    <p class='ocr_par' dir='ltr' id='par_1_60' title="bbox 1925 2687 2341 2737">
     <span class='ocr_line' id='line_1_193' title="bbox 1925 2687 2341 2737; baseline 0.002 -13"><span class='ocrx_word' id='word_1_640' title='bbox 1925 2687 1950 2724; x_wconf 93' lang='lat' dir='ltr'>li</span> <span class='ocrx_word' id='word_1_641' title='bbox 1971 2700 2069 2737; x_wconf 89' lang='lat' dir='ltr'>auge</span> <span class='ocrx_word' id='word_1_642' title='bbox 2090 2688 2204 2726; x_wconf 90' lang='lat' dir='ltr'>nobis</span> <span class='ocrx_word' id='word_1_643' title='bbox 2223 2687 2341 2725; x_wconf 90' lang='lat' dir='ltr'>fidem</span> 
     </span>
    </p>

    <p class='ocr_par' dir='ltr' id='par_1_61' title="bbox 1923 2741 2318 2833">
     <span class='ocr_line' id='line_1_194' title="bbox 1925 2741 2318 2780; baseline 0 -1"><span class='ocrx_word' id='word_1_644' title='bbox 1925 2748 1963 2779; x_wconf 91' lang='lat' dir='ltr'>et</span> <span class='ocrx_word' id='word_1_645' title='bbox 1981 2741 2073 2780; x_wconf 92' lang='lat' dir='ltr'>dicit</span> <span class='ocrx_word' id='word_1_646' title='bbox 2092 2741 2140 2779; x_wconf 91' lang='lat' dir='ltr'>de</span> <span class='ocrx_word' id='word_1_647' title='bbox 2161 2754 2318 2780; x_wconf 88' lang='lat' dir='ltr'>seruum</span> 
     </span>
     <span class='ocr_line' id='line_1_195' title="bbox 1923 2802 2099 2833; baseline 0 0"><span class='ocrx_word' id='word_1_648' title='bbox 1923 2802 2099 2833; x_wconf 90' lang='lat' dir='ltr'>arantem</span> 
     </span>
    </p>

    <p class='ocr_par' dir='ltr' id='par_1_62' title="bbox 1923 2849 2426 3011">
     <span class='ocr_line' id='line_1_196' title="bbox 1924 2849 2373 2900; baseline 0.002 -13"><span class='ocrx_word' id='word_1_649' title='bbox 1924 2860 1974 2887; x_wconf 70' lang='grc' dir='ltr'>ιτ]</span> <span class='ocrx_word' id='word_1_650' title='bbox 1983 2849 2115 2888; x_wconf 87' lang='lat' dir='ltr'><em>Decem</em></span> <span class='ocrx_word' id='word_1_651' title='bbox 2136 2851 2222 2888; x_wconf 91' lang='lat' dir='ltr'>uiri</span> <span class='ocrx_word' id='word_1_652' title='bbox 2236 2851 2373 2900; x_wconf 66' lang='lat' dir='ltr'>leprosi</span> 
     </span>
     <span class='ocr_line' id='line_1_197' title="bbox 1924 2905 2366 2956; baseline 0 -14"><span class='ocrx_word' id='word_1_653' title='bbox 1924 2905 2103 2943; x_wconf 90' lang='lat' dir='ltr'>mundati</span> <span class='ocrx_word' id='word_1_654' title='bbox 2123 2912 2212 2943; x_wconf 91' lang='lat' dir='ltr'>sunt</span> <span class='ocrx_word' id='word_1_655' title='bbox 2231 2917 2279 2943; x_wconf 89' lang='lat' dir='ltr'>ex</span> <span class='ocrx_word' id='word_1_656' title='bbox 2300 2905 2366 2956; x_wconf 95' lang='lat' dir='ltr'>qui</span> 
     </span>
     <span class='ocr_line' id='line_1_198' title="bbox 1923 2958 2426 3011; baseline -0.002 -13"><span class='ocrx_word' id='word_1_657' title='bbox 1923 2960 1998 2999; x_wconf 91' lang='lat' dir='ltr'>bus</span> <span class='ocrx_word' id='word_1_658' title='bbox 2012 2971 2113 2998; x_wconf 92' lang='lat' dir='ltr'>unus</span> <span class='ocrx_word' id='word_1_659' title='bbox 2127 2960 2268 3011; x_wconf 87' lang='lat' dir='ltr'>gratias</span> <span class='ocrx_word' id='word_1_660' title='bbox 2281 2959 2358 3009; x_wconf 90' lang='lat' dir='ltr'>egit</span> <span class='ocrx_word' id='word_1_661' title='bbox 2373 2958 2426 2998; x_wconf 79' lang='lat' dir='ltr'>do</span> 
     </span>
    </p>
   </div>
  </div>
 </body>
</html>
