2820 3334
436 186 489 222 60

434 272 518 303 1¹01.
534 273 609 305 117.

791 325 811 346 ἰ

436 358 586 409 Scripta
605 364 694 397 sunt
712 359 751 398 in
771 358 855 398 celo

435 411 517 451 ²¹In
540 413 624 463 ipsa
639 412 735 451 hora
750 413 937 451 exultauit

433 467 492 506 ihs
511 467 551 505 in
571 470 643 516 spu
664 473 730 506 sco
749 474 786 506 et
806 467 901 506 dixit

433 521 647 560 confitebor
666 522 733 559 tibi
753 522 829 559 dfie
850 534 901 571 pa

432 582 490 614 ter
508 575 603 614 caeli
622 581 659 612 et
678 583 800 614 terrae
819 576 910 625 quia

433 629 670 668 abscondisti
690 630 786 668 haec
806 642 827 667 a
848 642 891 668 sa

432 684 627 734 pientibus
644 690 682 722 et
701 684 852 734 pruden

432 738 535 776 tibus
555 744 593 776 et
612 739 789 777 reuelasti
805 751 852 776 ea

430 792 603 843 paruolis
622 792 673 830 ita
692 800 798 843 pater
818 792 910 843 quia

431 847 488 885 sic
503 847 609 885 bona
627 847 805 885 uoluntas
823 847 863 885 fu

430 901 461 939 it
480 906 568 939 ante
587 906 625 938 te
698 901 771 939 ²²et
790 913 936 939 conuer

431 966 498 994 sus
517 954 568 993 ad
587 954 792 1005 discipulos
812 955 906 993 dixit

432 1008 578 1048 Omnia
597 1009 690 1047 mihi
710 1010 845 1048 tradita

430 1070 520 1102 sunt
539 1075 562 1101 a
583 1070 691 1113 patre
710 1076 801 1102 meo
838 1070 877 1102 et

430 1129 549 1156 nemo
568 1118 638 1156 scit
667 1118 753 1168 quis
772 1124 829 1156 est

431 1171 531 1210 filius
550 1172 622 1210 nisi
642 1178 752 1221 pater
807 1178 845 1210 et

431 1226 519 1276 quis
538 1234 595 1265 est
615 1233 725 1276 pater
743 1226 816 1264 nisi
837 1226 936 1265 filius

431 1287 470 1319 et
489 1281 550 1319 cui
568 1281 734 1319 uoluerit
754 1281 854 1320 filius

430 1335 601 1373 reuelare

431 1388 518 1427 2³³Et
537 1400 750 1428 conuersus
770 1388 819 1427 ad
839 1389 935 1427 disci

429 1443 543 1493 pulos
563 1455 658 1482 suos
678 1443 772 1481 dixit
792 1444 894 1481 beati

430 1497 534 1536 oculi
553 1498 644 1548 quia
662 1498 795 1536 uident
814 1509 890 1548 que

429 1563 503 1590 uos
523 1552 660 1590 uidetis

429 1604 567 1645 ²⁴Dico
582 1607 687 1644 enim
701 1606 812 1644 uobis
828 1606 935 1656 quod

429 1692 541 1731 multi
559 1692 733 1744 profetae
751 1706 804 1732 uo

427 1747 582 1786 luerunt
600 1748 732 1787 uidere
751 1760 828 1799 que

428 1813 501 1840 uos
520 1802 658 1841 uidetis
677 1809 714 1841 et
733 1814 815 1841 non

428 1856 606 1895 uiderunt
661 1863 698 1895 et
717 1857 806 1895 audi

429 1922 470 1949 re
491 1923 591 1961 quae
610 1911 747 1950 auditis
765 1918 804 1950 et
823 1917 906 1950 no·-

430 1965 634 2003 audierunt
876 1962 934 2019 [ec

431 2028 555 2056 XXXII
569 2018 712 2057 ‘²⁶Haec
738 2032 775 2057 eo
798 2020 934 2058 dicente

429 2085 475 2112 ce
495 2073 655 2124 quidam
675 2074 768 2123 legis
788 2086 835 2124 pe

428 2127 522 2166 ritor
540 2127 703 2165 surrexit
722 2135 828 2178 temp

428 2188 489 2220 tas
507 2181 615 2219 illum
636 2181 770 2219 dicens
791 2194 856 2220 ma

428 2236 548 2286 gister
565 2235 659 2286 quid
679 2235 803 2274 facien

429 2290 482 2328 do
500 2289 622 2328 uitam
639 2296 812 2328 eternam

427 2343 637 2394 possidebo

428 2398 526 2436 ²⁸Ad
539 2398 601 2436 ille
614 2397 709 2436 dixit
723 2396 773 2437 ad
788 2409 879 2437 eum
895 2398 933 2436 in

428 2452 513 2502 lege
533 2452 627 2503 quid
646 2452 831 2503 scriptum

428 2514 486 2545 est
505 2507 706 2557 quomodo
726 2507 823 2557 legis

426 2560 526 2599 ²⁷Ad
546 2559 608 2599 ille
627 2562 841 2611 respondes
860 2560 899 2599 di

428 2615 483 2653 xit
538 2615 672 2664 diliges
692 2615 785 2654 dom

481 2667 550 2706 dm
570 2676 677 2707 tuum
696 2670 735 2707 in
755 2676 796 2708 to

483 2728 525 2759 to
545 2723 659 2761 corde
679 2730 746 2762 tuo
765 2730 803 2762 et

483 2776 523 2813 in
543 2782 624 2814 tota
643 2777 773 2815 anima
792 2784 858 2815 tua

482 2829 520 2868 et
539 2829 579 2867 in
599 2831 781 2868 omnibus
799 2831 838 2868 ui

484 2884 590 2922 ribus
610 2883 683 2922 tuis
702 2890 740 2921 et
760 2896 830 2934 pro

484 2938 632 2977 ximum
652 2945 761 2977 tuum
782 2938 813 2976 si

633 178 638 182 ’
668 182 1085 224 EUANGELIUM
1105 183 1217 223 SEC

1026 322 1091 355 cut
1109 321 1147 354 te
1168 315 1296 367 ipsum

970 368 1001 391 ²⁸
1012 370 1196 421 Dixitque
1215 370 1265 408 illi
1285 370 1344 409 ihs
1362 382 1427 410 rec

971 430 1007 463 te
1027 424 1257 475 respondisti
1274 424 1350 464 hoc

972 477 1031 517 fac
1051 486 1089 517 et
1109 479 1216 517 uiues

970 531 1073 570 2⁹Ille
1092 540 1221 572 autem
1240 532 1376 572 uolens
1396 533 1455 572 ius

970 586 1116 626 tificare
1136 599 1175 626 se
1195 588 1323 638 ipsum
1343 587 1382 625 di

970 642 1024 680 xit
1043 641 1093 680 ad
1111 641 1192 679 ihm
1211 648 1248 679 et
1267 641 1353 692 quis
1371 647 1428 680 est

969 707 1079 734 meus
1098 708 1296 746 proximus

969 749 1224 800 ³⁰Suscipiens
1244 756 1374 788 autem
1395 749 1454 788 ihs

970 803 1079 842 dixit·
1100 804 1221 842 homo
1241 804 1400 855 quidam

969 857 1230 896 descendebat
1247 859 1296 896 ab
1316 858 1380 896 ihe

969 912 1134 951 rusalem
1153 912 1192 950 in
1210 912 1354 951 iberico

970 973 1008 1004 et
1026 966 1159 1004 incidit
1177 966 1217 1003 in
1237 965 1405 1005 latrones

970 1020 1037 1070 qui
1055 1020 1172 1058 etiam
1192 1020 1355 1070 dispolia

970 1081 1109 1112 uerunt
1128 1074 1237 1112 illurn
1257 1081 1296 1112 et
1314 1074 1380 1124 pla

970 1129 1029 1178 gis
1047 1128 1222 1179 inpositis
1241 1128 1428 1168 habieru-

971 1183 1151 1221 simiuiuo
1171 1182 1306 1221 relicto

969 1236 1186 1275 ³1sacerdos
1205 1243 1335 1275 autem
1354 1236 1413 1276 for

970 1291 1067 1329 tuito
1086 1291 1346 1330 descendebat

971 1345 1110 1383 eadem
1129 1346 1233 1383 uiam
1253 1352 1291 1384 et
1309 1345 1396 1383 uiso

970 1398 1034 1437 illo
1053 1400 1221 1450 preteriit
1258 1397 1380 1438 32simi

970 1453 1052 1492 liter
1070 1460 1108 1492 et
1127 1454 1270 1492 leuuita
1289 1466 1379 1492 cum

970 1514 1071 1546 esset
1091 1520 1203 1547 secus
1221 1508 1372 1546 locusm

969 1568 1008 1600 et
1026 1562 1175 1601 uideret
1193 1574 1283 1602 eum
1302 1574 1371 1612 per

970 1693 1143 1731 Transiit
1206 1693 1392 1732 ”samma

970 1748 1115 1786 ritanus
1135 1754 1264 1786 autem
1284 1748 1351 1798 qui

970 1802 1062 1839 dam
1082 1803 1151 1840 iter
1167 1801 1313 1841 faciens
1331 1814 1381 1841 ue

969 1856 1024 1893 nit
1044 1868 1155 1894 secus
1174 1868 1263 1894 eum
1309 1863 1347 1895 et

967 1910 1105 1948 uidens
1124 1922 1215 1948 eum
1234 1910 1362 1949 miseri

969 1964 1102 2002 cordia
1121 1971 1252 2002 motus
1272 1971 1330 2003 est
1349 1965 1422 2004 84et

969 2018 1152 2068 adligauit
1171 2019 1332 2058 uulnera

968 2073 1049 2111 eius
1069 2073 1277 2111 infundens
1296 2073 1357 2112 ole

968 2139 1035 2165 um
1054 2134 1091 2166 et
1110 2127 1246 2165 uinum
1265 2134 1303 2165 et
1322 2128 1363 2165 in

968 2193 1119 2231 ponens
1139 2181 1243 2219 illum
1263 2182 1303 2219 in
1323 2183 1362 2220 iu

967 2242 1141 2273 mentum
1163 2248 1275 2273 suum
1296 2236 1348 2274 du

968 2289 1023 2327 xit
1042 2289 1092 2327 ad
1112 2289 1305 2328 stabulum
1324 2296 1362 2328 et

967 2354 1101 2381 curam
1120 2344 1201 2381 eius
1220 2344 1299 2393 egit
1318 2343 1389 2382 ³⁵et

968 2397 1085 2435 altera
1104 2397 1166 2435 die
1185 2397 1341 2448 protulit

967 2451 1066 2489 duos
1086 2451 1254 2490 dinarios
1274 2458 1312 2490 et
1331 2452 1379 2490 de

966 2505 1020 2543 dit
1041 2505 1248 2544 stabulario
1278 2513 1315 2544 et
1335 2506 1388 2544 ait

965 2571 1097 2598 curam
1116 2559 1215 2598 illius
1234 2559 1334 2598 habe

964 2622 1002 2652 et
1021 2613 1209 2664 quidquid
1228 2626 1344 2664 super

965 2669 1187 2717 erogaueris
1206 2680 1281 2719 ego
1302 2681 1341 2707 re

964 2730 1119 2760 uertens
1139 2722 1299 2761 reddam
1319 2723 1346 2760 ti

965 2777 1004 2815 bi
1077 2776 1197 2826 ³⁶quis
1216 2777 1355 2815 horum

966 2831 1082 2868 trium
1101 2830 1253 2869 uidetur
1272 2831 1341 2869 tibi

966 2885 1167 2934 proximus
1187 2885 1300 2923 fuisse
1320 2884 1372 2922 illi

966 2938 1033 2987 qui
1052 2938 1185 2977 incidit
1204 2940 1244 2977 in
1263 2939 1359 2978 latro

1937 189 2239 229 LUCANUM
2306 189 2361 244 [x.
2384 206 2505 232 20-xr.
2528 208 2578 232 11.

1541 275 1624 306 1¹01.
1645 276 1723 306 118.

1542 317 1624 356 Nes

1540 371 1639 409 ⁸⁷Ad
1658 371 1721 409 ille
1742 371 1836 410 dixit
1856 373 1923 423 qui
1943 372 2032 413 secit

1541 426 1844 464 misericordiam
1864 427 1904 465 in

1539 479 1647 518 illum

1540 534 1591 572 Et
1611 534 1662 571 ait
1682 533 1733 571 illi
1753 534 1812 573 ihs
1826 533 1925 573 uade
1945 541 1982 573 et
2002 542 2044 574 tu

1541 587 1602 626 fac
1622 588 1794 626 similiter
1905 586 2043 642 [aulem

1542 652 1683 679 XXXIII
1709 643 1738 664 ³⁸
1751 642 1912 680 Factum
1948 648 2003 681 esl

1541 697 1635 735 dum
1654 698 1752 735 irent
1772 704 1810 735 et
1830 698 1911 746 ipse
1931 697 1972 736 in

1541 751 1654 789 trauit
1673 751 1712 788 in
1732 751 1930 801 quoddam

1541 805 1741 843 castellum
1760 811 1798 843 et
1816 805 1909 843 muli

1541 871 1583 897 er
1602 859 1770 909 quedam
1788 860 1946 898 nomine

1542 913 1691 951 martha
1709 914 1860 963 excepit
1878 914 1972 951 illu*

1543 967 1582 1004 in
1602 967 1764 1005 domum
1783 979 1893 1005 suam
1911 967 1984 1007 ⁸⁹et

1542 1020 1630 1059 huic
1650 1028 1730 1059 erat
1750 1033 1857 1060 soror
1877 1034 1930 1060 no

1542 1076 1646 1113 mine
1666 1076 1788 1113 maria
1820 1087 1921 1126 quae

1543 1130 1659 1168 etiam
1679 1130 1818 1168 sedens
1838 1142 1949 1168 secus

1542 1184 1660 1233 pedes
1679 1184 1746 1222 dfii
1765 1184 1946 1222 audiebat

1542 1239 1703 1276 uerbum
1724 1238 1821 1276 illius

1541 1292 1570 1313 ⁴⁰
1578 1291 1734 1330 Martha
1752 1298 1881 1330 autern
1902 1299 1984 1330 sata

1541 1347 1657 1395 gebat
1676 1346 1776 1384 circa
1794 1346 1906 1384 minis

1542 1400 1679 1438 terium
1718 1413 1818 1451 quae
1838 1407 1896 1438 ste

1543 1454 1586 1492 tit
1604 1460 1642 1492 et
1663 1454 1714 1492 ait
1735 1455 1823 1492 driie
1843 1467 1923 1492 non
1941 1461 1998 1493 est

1542 1509 1609 1547 tibi
1629 1520 1721 1546 cura
1740 1508 1847 1558 quod
1867 1520 1977 1546 soror

1541 1574 1629 1601 mea
1647 1562 1806 1613 reliquid
1826 1575 1888 1600 me
1908 1574 1953 1601 so

1543 1692 1641 1730 Lam
1661 1693 1877 1732 ministrare
1897 1693 1958 1733 dic

1543 1759 1638 1797 ergo
1658 1748 1709 1786 illi
1728 1754 1769 1786 ut
1789 1760 1852 1786 me
1872 1749 1960 1787 adiu

1542 1808 1605 1839 uet

1541 1855 1627 1893 41Εῖ
1646 1856 1885 1906 respondens
1905 1856 1999 1896 dixit

1543 1910 1594 1947 illi
1614 1909 1700 1948 dffis
1720 1910 1867 1948 martha
1888 1923 1971 1949 mar

1541 1964 1606 2002 tha
1644 1963 1798 2002 ⁴²maria
1817 1965 1991 2015 optima-

1539 2025 1687 2069 partem
1708 2019 1823 2069 elegit
1843 2031 1943 2068 quae

1540 2084 1619 2111 non
1639 2073 1829 2110 auferetur
1847 2073 1899 2110 illi

1540 2136 1699 2164 xxxrrn
1710 2136 1745 2165 11
1753 2126 1765 2147 1
1772 2126 1980 2178 Elsaclum
1993 2132 2047 2166 est

1866 2179 1925 2234 [in
1945 2188 2043 2233 quo*

1539 2234 1630 2273 dam
1649 2234 1735 2274 loco
1756 2247 1870 2274 orans
1890 2242 1928 2274 et

1539 2295 1580 2327 ut
1599 2289 1761 2328 cessauit
1781 2290 1876 2328 dixit
1895 2302 1997 2329 unus

1539 2355 1587 2380 ex
1609 2343 1803 2393 discipulis
1822 2344 1905 2382 eius

1539 2397 1588 2435 ad
1608 2409 1697 2435 eum
1717 2397 1792 2436 dfie
1812 2398 1909 2436 doce

1539 2462 1612 2489 nos
1630 2463 1740 2489 orare
1761 2451 1857 2490 sicut
1877 2453 1913 2490 io

1539 2505 1675 2543 hannis
1695 2505 1825 2544 docuit
1845 2505 1904 2544 dis

1538 2559 1685 2608 cipulos
1705 2570 1796 2598 suos

1536 2612 1607 2651 ²Et
1627 2613 1677 2651 ait
1696 2613 1767 2652 illis
1786 2625 1875 2652 cum
1894 2614 2013 2653 oratis

1537 2668 1649 2706 dicite

1592 2728 1700 2772 pater
1719 2728 1852 2760 sancte
1872 2722 1939 2772 qui

1591 2776 1630 2813 in
1651 2776 1743 2814 celis
1762 2783 1819 2814 est
1839 2788 1931 2815 sanc

1590 2830 1753 2868 tificetur
1771 2836 1918 2869 nome·-

1591 2891 1701 2922 tuum
1721 2885 1851 2922 ueniat
1871 2896 1940 2934 reg

1591 2950 1686 2975 num
1706 2945 1816 2975 tuum
1836 2938 1901 2975 fiat

1590 2992 1770 3030 uoluntas
1790 2997 1855 3030 tua
1874 2991 1972 3030 sicut

2134 321 2181 359 In
2201 321 2287 361 celo
2306 329 2343 361 et
2362 323 2402 361 in
2422 330 2481 362 ter

2132 387 2175 413 ra
2194 375 2356 426 ⁸panem
2375 390 2447 416 nos

2131 436 2232 468 trum
2250 431 2493 469 cottidianu-

2131 483 2181 521 da
2200 485 2313 522 nobis
2332 484 2446 524 hodie
2465 487 2524 525 ⁴et

2131 537 2279 576 dimitte
2298 540 2411 578 nobis
2430 540 2477 578 de

2131 591 2212 629 bita
2230 599 2360 631 nostra
2380 595 2477 632 sicut

2131 651 2168 683 et
2188 657 2260 684 nos
2280 647 2505 687 dimittimus

2132 698 2366 738 debitoribus
2386 713 2458 740 nos

2131 753 2197 790 tris
2215 759 2253 791 et
2271 766 2322 792 ne
2341 766 2411 793 nos
2429 756 2469 793 in

2132 806 2252 845 ducas
2271 808 2312 845 in
2331 815 2478 858 tempta

2130 861 2235 899 tione
2255 861 2322 899 sed
2342 862 2460 901 libera

2131 927 2204 953 nos
2222 927 2245 953 a
2264 916 2369 955 malo

2076 968 2148 1007 ⁶Et
2164 969 2215 1007 ait
2230 969 2300 1008 illis
2317 970 2402 1020 quis
2421 977 2579 1010 uestru'*

2076 1022 2195 1061 habet
2214 1024 2383 1062 amicum
2403 1032 2442 1063 et

2077 1077 2146 1115 ibit
2165 1077 2214 1115 ad
2234 1078 2339 1116 illum
2359 1079 2486 1117 media

2077 1138 2191 1169 nocte
2215 1139 2253 1170 et
2273 1132 2364 1171 dicit
2383 1133 2434 1170 illi
2454 1134 2531 1172 ami

2078 1197 2123 1224 ce
2143 1193 2326 1224 conmota
2344 1187 2436 1224 mihi

2078 1246 2154 1277 tres
2173 1252 2293 1289 panes
2313 1241 2506 1290 ⁶quonia·‘

2077 1293 2226 1332 amicus
2245 1295 2350 1332 uenit
2370 1307 2480 1334 meus

2077 1347 2125 1385 de
2145 1348 2208 1385 uia
2228 1348 2278 1386 ad
2298 1360 2360 1386 me
2381 1356 2419 1387 et
2438 1361 2521 1388 non

2077 1401 2204 1440 habeo
2223 1402 2328 1452 quod
2347 1415 2494 1453 ponam

2079 1462 2167 1494 ante
2187 1468 2277 1494 eum

2078 1509 2151 1547 ⁷Et
2170 1509 2231 1547 ille
2251 1510 2493 1560 respondens
2513 1512 2561 1551 de

2078 1563 2180 1602 intus
2201 1563 2292 1602 dicit
2310 1565 2390 1604 noli
2410 1565 2504 1604 mihi

2079 1706 2162 1734 esse
2183 1695 2365 1734 molestus
2385 1696 2462 1735 iam

2077 1750 2219 1787 ostium
2238 1750 2388 1788 clusum
2406 1758 2463 1789 est

2078 1810 2116 1842 et
2135 1804 2243 1854 pueri
2262 1804 2302 1842 in
2321 1805 2439 1843 cubili
2458 1817 2521 1843 me

2078 1869 2169 1896 cum
2189 1865 2278 1896 sunt
2297 1871 2377 1897 non
2397 1865 2545 1909 possu·‘

2077 1924 2232 1962 surgere
2253 1918 2290 1949 et
2310 1912 2400 1950 dare
2420 1913 2487 1950 tibi

2076 1965 2136 2004 ⁸et
2158 1966 2219 2004 ille
2241 1966 2271 2004 si
2292 1978 2545 2016 perseueraue

2077 2020 2124 2058 rit
2147 2020 2231 2070 plus
2250 2020 2407 2070 pulsans
2427 2021 2514 2060 dico

2076 2075 2188 2113 uobis
2207 2074 2279 2112 etsi
2298 2086 2378 2113 non
2399 2074 2515 2113 dabat

2076 2128 2128 2166 illi
2166 2140 2327 2178 surgens
2347 2140 2394 2166 eo
2413 2129 2519 2179 quod

2075 2182 2222 2221 amicus
2241 2183 2322 2220 eius
2341 2190 2399 2221 est
2439 2195 2538 2234 prop

2075 2243 2133 2274 ter
2153 2243 2282 2274 autem
2302 2236 2459 2286 inportu

2075 2290 2235 2328 nitatem
2254 2290 2336 2328 eius
2356 2298 2486 2339 surget

2074 2350 2112 2382 et
2131 2344 2235 2382 dabit
2254 2344 2305 2382 illi
2325 2352 2491 2394 quantus

2075 2398 2265 2437 desiderat

2074 2452 2181 2501 ”Ego
2200 2452 2288 2490 dico
2307 2452 2420 2491 uobis
2439 2454 2555 2503 petite

2073 2513 2112 2544 et
2127 2506 2278 2544 dabitur
2296 2507 2408 2545 uobis
2445 2520 2544 2558 quae

2074 2561 2144 2598 rite
2164 2567 2202 2598 et
2220 2561 2423 2599 inuenietis
2441 2562 2508 2611 pul

2074 2622 2155 2653 sate
2175 2621 2213 2653 et
2232 2614 2420 2664 aperietur
2438 2627 2491 2653 uo

2074 2669 2134 2707 bis
2226 2668 2388 2707 ¹⁰omnis
2407 2669 2510 2706 enim

2075 2722 2141 2773 qui
2162 2723 2258 2773 petit
2276 2722 2427 2771 adcepit
2472 2728 2511 2760 et

2074 2777 2140 2826 qui
2160 2775 2283 2826 querit
2302 2775 2450 2813 inuenit
2467 2782 2506 2813 et

2075 2830 2243 2880 pulsanti
2267 2828 2456 2878 aperietur

2074 2883 2130 2921 ¹¹a
2149 2894 2227 2933 quo
2247 2888 2378 2920 autem
2398 2889 2528 2932 patrae

2072 2949 2122 2975 ex
2141 2937 2254 2975 uobis
2273 2942 2378 2987 petet
2397 2937 2496 2976 filius
