2866 3346
484 213 532 249 18

478 299 562 331 1¹01.
580 299 638 329 35.

478 342 553 381 Pes
573 341 818 380 sacerdotum
861 347 899 380 et

478 396 674 446 ingressus
693 396 794 434 intus
814 395 903 434 sede

477 451 544 488 bat
564 462 654 489 cum
674 450 855 488 ministris
874 455 916 487 ut

475 504 623 543 uideret
641 504 785 542 exitum
806 504 860 542 rei

475 558 702 608 ⁶⁹Principis
722 565 851 596 autem
871 569 983 596 sacer

476 612 614 650 dotum
633 619 670 650 et
689 613 913 650 uniuersum

474 667 681 705 concilium
754 678 873 717 quere

476 721 571 758 bant
591 720 730 759 falsum
748 720 904 759 testimo

477 775 586 812 nium
607 782 744 813 contra
764 775 843 812 ihm
863 781 905 812 ut

477 841 568 867 eum
587 830 702 867 morti
721 829 915 867 traderent

474 883 548 921 ⁶⁰et
568 895 650 922 non
669 884 899 922 inuenerunt

474 938 623 975 exitum

474 991 526 1030 Et
545 1003 636 1030 cum
655 991 766 1031 multi
786 991 868 1030 falsi
887 998 944 1030 tes

474 1052 533 1084 tes
553 1045 791 1084 adcessisent
806 1057 887 1083 non

475 1100 706 1138 inuenerunt
726 1100 921 1150 quicqua-

475 1155 516 1192 in
537 1166 584 1193 eo

475 1207 698 1247 Nouissime
719 1214 850 1246 autern
869 1220 918 1247 ue

475 1269 615 1301 nerunt
634 1263 712 1301 duo
733 1262 818 1301 falsi
838 1269 896 1301 tes

475 1323 592 1355 testes
613 1317 685 1355 ⁶¹et
704 1317 883 1355 dixerunt

472 1371 692 1409 audiuimus
712 1371 814 1409 hunc
834 1371 874 1409 di

474 1426 575 1463 xisse

475 1479 642 1517 Possum
662 1478 856 1517 destruere
875 1479 951 1518 hoc

472 1533 662 1583 templum
681 1532 721 1570 di
741 1539 778 1571 et
797 1545 869 1583 pos
889 1534 934 1572 tri

476 1588 596 1626 duum
616 1586 708 1625 illud
728 1588 855 1626 reaedi

474 1673 610 1712 Ficare

474 1727 558 1766 ⁶²Et
577 1740 740 1778 surgens
759 1729 940 1780 princeps

474 1783 719 1821 sacerdotum
739 1785 791 1821 ait
810 1783 862 1821 illi

474 1836 567 1874 nihil
586 1837 800 1887 respondes
820 1838 870 1876 ad
889 1850 936 1876 ea

472 1902 572 1940 quae
594 1891 668 1941 ipsi
687 1891 893 1930 aduersum

473 1951 510 1983 te
531 1946 781 1983 testificantur

473 1999 566 2037 ”ihs
585 2005 712 2037 autem
732 2001 884 2038 tacebat

474 2052 526 2091 Et
546 2053 758 2103 respondes
778 2055 958 2105 princeps

474 2107 719 2146 sacerdotum
738 2108 788 2146 ait
807 2109 857 2146 illi

474 2161 609 2199 adiuro
629 2169 663 2199 te
683 2174 752 2211 per
771 2161 839 2199 dm
859 2163 897 2200 ui

473 2227 569 2253 uum
588 2222 630 2254 ut
650 2216 754 2254 dicas
775 2217 887 2254 nobis

474 2269 506 2308 si
524 2275 564 2307 tu
586 2282 626 2308 es
642 2273 715 2319 xps
731 2270 830 2308 filius
844 2270 884 2308 di
900 2270 979 2309 uibi

472 2322 612 2362 “Dicit
631 2324 683 2361 illi
703 2323 760 2362 ihs
780 2330 821 2362 tu
841 2324 964 2363 dixisti

474 2384 607 2416 tamen
628 2378 716 2416 dico
738 2379 849 2417 uobis

474 2433 619 2471 amodo
638 2433 816 2471 uidebitis
836 2432 888 2480 fili

475 2498 542 2524 um
562 2485 729 2525 hominis
786 2487 905 2525 seden

474 2547 552 2578 tem
573 2541 623 2579 ad
643 2542 817 2579 dextram
837 2542 895 2579 uir

477 2595 568 2632 tutis
588 2601 625 2633 et
644 2596 864 2634 uenientem

478 2661 566 2686 cum
587 2650 754 2687 nubibus
773 2650 869 2688 caeli

477 2701 624 2740 ⁶⁵Tunc
634 2704 810 2753 princeps
818 2704 978 2743 sacerdo

478 2761 560 2793 tum
644 2757 755 2795 scidit
774 2759 967 2797 uestime-

479 2816 518 2847 ta
538 2821 607 2847 sua
627 2810 760 2848 dicens
779 2812 939 2861 blasphe

475 2864 598 2902 mauit
671 2864 764 2914 quid
784 2865 910 2904 adhuc

477 2929 638 2968 egemus
656 2919 816 2957 testibus
834 2931 924 2958 ecce

724 206 1139 248 EUANGELIUM
1171 208 1283 248 SEC

1016 340 1131 380 Nunc
1151 340 1309 379 audistis
1328 340 1411 391 plas

1014 395 1212 446 phemiam
1231 395 1313 433 eius
1333 394 1458 446 mquid

1015 450 1126 487 uobis
1144 449 1296 487 uidetur

1015 503 1080 541 Ad
1099 503 1151 542 illi
1171 502 1454 554 responderunt

1016 564 1054 596 et
1075 557 1254 596 dixerunt
1272 569 1359 597 reus
1377 563 1436 596 est

1015 612 1132 650 morti

1014 666 1042 688 ⁶⁷
1052 666 1166 705 Tunc
1186 673 1402 716 expuerunt
1423 666 1463 704 in

1015 720 1154 759 faciem
1173 721 1254 758 eius
1274 727 1311 758 et
1331 720 1417 759 cola

1014 775 1101 825 phis
1120 775 1341 815 ceciderunt
1361 786 1451 812 eum

1014 829 1222 868 ⁶³dicentes
1240 828 1422 879 profetiza

1014 883 1129 922 nobis
1149 890 1225 933 xpe
1245 883 1334 933 quis
1352 889 1410 921 est
1430 882 1496 934 qui

1012 943 1049 975 te
1069 937 1255 987 percussit

1014 991 1181 1030 ⁶⁹Petrus
1202 1002 1297 1029 uero
1319 990 1479 1030 sedebat

1013 1045 1106 1083 foris
1124 1046 1164 1083 in
1184 1045 1281 1083 atrio
1301 1051 1338 1083 et
1357 1045 1407 1083 ad

1014 1100 1127 1138 cessit
1147 1099 1196 1137 ad
1216 1111 1306 1138 eum
1326 1111 1405 1137 una
1424 1106 1474 1138 a*

1013 1154 1100 1192 cilla
1120 1154 1253 1192 dicens
1273 1159 1310 1192 et
1330 1160 1371 1191 tu

1014 1220 1104 1247 curn
1123 1208 1189 1246 ihu
1208 1207 1345 1258 galileo
1365 1219 1451 1246 eras

1011 1262 1106 1300 ⁷⁰Ad
1125 1262 1186 1300 ille
1206 1262 1363 1312 negauit
1382 1269 1506 1300 cora-

1014 1316 1196 1354 omnibus
1221 1317 1352 1355 dicens

1012 1371 1144 1409 nescio
1164 1370 1255 1421 quid
1274 1370 1379 1409 dices

1012 1425 1040 1446 ⁷¹
1048 1425 1225 1463 Exeunte
1246 1431 1375 1463 autem
1395 1424 1503 1463 illum

1011 1479 1167 1517 ianuam
1185 1479 1281 1517 uidit
1299 1491 1390 1517 eum

1012 1534 1086 1572 alia
1105 1533 1244 1572 ancilla
1281 1540 1319 1572 et
1338 1533 1389 1571 ait

1013 1588 1067 1626 eis
1087 1588 1153 1638 qui
1174 1594 1283 1626 erant
1302 1588 1354 1625 ibi
1392 1592 1430 1625 et

1012 1675 1090 1714 Hic
1111 1682 1192 1714 erat
1210 1688 1297 1716 cum
1319 1675 1383 1714 ihu
1403 1687 1455 1714 na

1010 1742 1123 1768 zareo

1008 1783 1096 1822 ⁷²Et
1111 1784 1247 1822 iterum
1261 1785 1418 1834 negauit
1433 1791 1514 1823 cu-

1011 1838 1227 1876 iuramento
1247 1838 1378 1877 dicens

1010 1905 1091 1931 non
1110 1892 1204 1930 noui
1224 1892 1423 1931 hominem

1007 1945 1098 1985 ⁷³Et
1116 1953 1205 1997 post
1224 1947 1404 1997 pusillum
1426 1947 1476 1986 ad

1012 2007 1208 2040 cesserunt
1229 2001 1294 2050 qui
1313 2002 1365 2039 ibi
1385 2008 1443 2040 sta

1010 2056 1106 2094 bant
1125 2062 1162 2094 et
1182 2055 1361 2094 dixerunt
1380 2068 1429 2106 pe

1011 2116 1070 2148 tro
1107 2121 1197 2148 uere
1216 2122 1263 2148 ex
1284 2110 1356 2148 illis
1375 2122 1417 2149 es

1012 2170 1053 2202 tu
1072 2176 1164 2202 nam
1184 2170 1221 2202 et
1239 2164 1407 2214 loquella

1012 2224 1078 2255 tua
1098 2218 1239 2256 similes
1258 2225 1316 2256 est
1336 2219 1370 2257 ei

1011 2271 1163 2310 ⁷⁴Tunc
1183 2273 1309 2322 coepit
1329 2272 1470 2312 deuota

1012 2338 1051 2363 re
1072 2337 1112 2363 se
1132 2331 1170 2363 et
1190 2326 1311 2366 iurare
1331 2327 1437 2376 quod

1011 2391 1092 2417 non
1112 2380 1267 2418 nouisse
1292 2380 1399 2418 homi

1010 2446 1102 2471 nem

1011 2488 1062 2526 Et
1081 2488 1265 2526 continuo
1284 2487 1409 2538 gallus

1013 2542 1182 2580 cantauit

1010 2595 1096 2634 ⁷¹⁵Et
1114 2602 1393 2635 rememoratus
1412 2603 1469 2636 est

1011 2657 1140 2700 petrus
1156 2651 1264 2688 uerbi
1283 2650 1350 2688 ihu

1012 2704 1118 2754 quod
1139 2705 1286 2743 dixerat
1305 2712 1394 2744 ante

1012 2771 1131 2809 quam
1150 2758 1274 2808 gallus
1293 2766 1420 2798 cantet

1011 2819 1067 2850 ter
1086 2825 1149 2851 me
1168 2814 1329 2863 negabis

1011 2866 1062 2904 Et
1081 2879 1256 2917 egressus
1275 2867 1377 2908 foras
1397 2880 1486 2907 ama

1010 2920 1158 2959 tissime
1177 2921 1340 2971 plorauit

1849 210 1938 250 MA
1949 210 2160 251 TTEUM
2208 210 2335 266 [xxvr.
2355 222 2544 264 58-xxvn.
2569 231 2622 268 19.

1585 299 1667 329 ποι.
1686 300 1744 330 36.

1585 341 1639 379 27¹
1654 341 1773 380 Mane
1787 347 1918 380 autem
1927 354 2015 381 cum
2025 343 2084 382 fac

1585 402 1665 433 turn
1684 402 1784 434 esset
1803 397 1997 434 consiliu·-

1586 456 1820 499 acceperunt
1902 462 2040 489 omnes

1587 504 1770 553 principis
1790 504 2033 543 sacerdotum

1585 564 1623 596 et
1643 559 1811 596 seniores
1830 558 1955 608 plebis
1974 558 2023 597 ad

1584 624 1720 650 uersus
1738 612 1819 649 ihm
1839 619 1881 650 ut
1900 624 1991 650 eum

1585 667 1698 704 morti
1718 666 1909 705 traderent
1928 665 1985 705 ²et

1583 721 1757 759 uinctum
1776 720 2019 759 adduxerunt
2053 765 2055 767 ¹

1583 787 1672 812 eum
1693 781 1730 813 et
1748 775 1987 814 tradiderunt

1585 829 1718 878 pontio
1738 829 1857 879 pilato
1877 829 2018 880 presidi

1583 882 1721 921 ”Tunc
1735 883 1871 921 uidens
1890 884 2000 922 iudas
2018 883 2084 934 qui

1583 949 1673 975 eum
1692 937 1845 976 tradidit
1864 938 1954 988 quia

1583 991 1786 1030 damnatus
1805 998 1862 1030 est
1880 991 2039 1042 penite-

1583 1046 1635 1084 tia
1654 1046 1790 1084 ductus
1809 1046 1950 1084 rettulit

1582 1112 1663 1137 xxx
1686 1121 1695 1130 ·
1715 1107 1922 1151 argenteos
1941 1100 2028 1150 prin

1583 1155 1734 1204 cipibus
1753 1154 1997 1193 sacerdotum

1583 1215 1620 1246 et
1641 1209 1857 1247 senioribus
1877 1209 2030 1248 ⁴dicens

1583 1263 1740 1312 peccaui
1760 1263 1866 1313 quod
1886 1263 1985 1301 tradi

1584 1316 1707 1355 derim
1727 1317 1958 1367 sanguinem

1581 1371 1723 1409 iustum

1583 1425 1646 1463 Ad
1665 1425 1715 1463 illi
1735 1424 1912 1463 dixerunt
1931 1423 2024 1476 quid

1582 1479 1631 1517 ad
1651 1491 1724 1518 nos
1747 1485 1789 1517 tu
1808 1480 1949 1517 uideris

1583 1533 1652 1572 ⁵Et
1671 1533 1848 1583 proiectis
1868 1533 2059 1583 argenteis

1583 1589 1622 1625 in
1641 1587 1786 1638 templo
1807 1588 1963 1626 secessit
1981 1594 2019 1626 et

1583 1675 1687 1713 Abiit
1706 1682 1743 1714 et
1763 1675 1903 1726 laqueo
1923 1687 1963 1714 se
1983 1688 2048 1715 sus

1582 1729 1716 1780 pendit

1582 1785 1715 1822 ⁶Tunc
1728 1784 1910 1834 principis
1924 1784 2085 1823 sacerdo

1582 1845 1665 1877 tum
1685 1839 1854 1889 acceptis
1874 1851 1993 1888 argen

1582 1894 1653 1931 teis
1673 1893 1848 1931 dixerunt
1867 1906 1949 1932 non

1584 1947 1671 1986 licet
1690 1959 1757 1986 eos
1778 1948 1926 1986 mittere
1941 1960 2009 1986 eos

1584 2001 1624 2039 in
1643 2001 1811 2040 loculum
1831 2002 1921 2052 quia
1939 2014 2008 2052 pre

1584 2056 1678 2093 tium
1699 2056 1897 2105 sanguinis
1917 2062 1975 2094 est

1583 2110 1782 2149 ''Consilio
1802 2118 1933 2148 autem
1953 2109 2003 2148 ad

1585 2170 1699 2214 cepto
1719 2165 1816 2202 inter
1835 2176 1876 2202 se
1915 2177 2003 2203 eme

1583 2225 1671 2256 runt
1689 2230 1825 2268 agrurn
1845 2218 1951 2268 figuli

1583 2273 1621 2310 in
1641 2273 1834 2322 sepultura
1855 2273 1999 2323 pelegri

1583 2339 1722 2366 norum
1759 2327 1934 2377 ⁸propter
1954 2328 2029 2366 hoc

1584 2387 1745 2419 uocatus
1765 2388 1821 2419 est
1840 2393 1932 2431 ager
1950 2381 1975 2419 il

1582 2435 1617 2472 le
1637 2434 1911 2473 acheldemach
1931 2435 2006 2474 hoc

1582 2496 1640 2528 est
1659 2501 1753 2538 ager
1771 2489 1969 2538 sanguinis

1583 2555 1704 2593 usque
1725 2543 1765 2580 in
1783 2542 2016 2581 hodiernum

1582 2597 1686 2635 diem

1582 2651 1720 2689 ⁹Tunc
1740 2650 1981 2701 adinpletum
2001 2657 2058 2690 est

1582 2705 1690 2756 quod
1710 2705 1855 2743 dictum
1875 2712 1930 2744 est
1951 2718 2020 2756 per

1582 2760 1807 2798 hieremiam
1829 2759 2013 2810 profeta-

1582 2814 1776 2852 dicentem

1635 2875 1673 2907 et
1693 2868 1930 2918 adceperunt

1635 2934 1712 2960 xxx
1738 2943 1746 2952 ·
1767 2927 1971 2972 argenteos

2175 344 2345 384 Pretium
2365 346 2567 397 adpretiati

2174 400 2281 449 quod
2300 401 2523 450 adpretiaue

2172 460 2260 491 runt
2278 467 2302 492 a
2321 455 2405 493 filiis
2425 454 2576 494 istrahel

2174 506 2246 545 ¹⁰et
2265 508 2438 547 dederun
2457 521 2524 548 eos
2545 509 2586 547 in

2173 573 2310 610 agrum
2332 562 2438 613 figuli
2458 564 2554 602 sicut

2174 617 2369 655 constituit
2388 617 2481 655 mihi

2173 668 2260 707 dms

2119 722 2220 761 1¹Ihs
2239 730 2368 762 autern
2387 725 2488 764 stetit
2507 730 2595 764 ante

2119 777 2314 827 presidem
2334 785 2370 816 et
2389 779 2529 818 interro

2118 832 2225 881 gauit
2244 843 2335 870 eum
2355 844 2485 882 preses
2505 833 2544 871 di

2118 898 2209 924 cens
2230 893 2270 924 tu
2289 898 2331 925 es
2348 899 2415 925 rex
2436 886 2552 926 iudeo

2116 952 2203 977 rum

2118 994 2221 1033 Dicit
2239 995 2273 1032 ei
2297 994 2354 1032 ihs
2374 1001 2414 1034 tu
2434 995 2527 1034 dicis

2117 1047 2204 1087 12Εῖ
2223 1061 2313 1087 cum
2333 1049 2583 1089 adcusaretur

2118 1115 2142 1141 a
2159 1104 2395 1154 principibus
2416 1116 2524 1143 sacer

2118 1157 2253 1195 dotum
2272 1164 2309 1196 et
2329 1159 2543 1197 senioribus

2118 1211 2213 1249 nihil
2231 1212 2492 1261 respondebat

2117 1264 2269 1304 ¹³Tunc
2290 1265 2379 1304 dicit
2398 1266 2450 1304 illi
2469 1266 2609 1317 pilatus

2118 1331 2199 1358 non
2220 1320 2328 1358 audis
2347 1327 2492 1371 quanta
2511 1321 2561 1359 ad

2117 1385 2274 1412 uersum
2294 1380 2331 1412 te
2351 1375 2539 1414 testifica-

2115 1433 2177 1465 tur

2116 1481 2204 1520 uEt
2223 1482 2419 1532 respondit
2435 1483 2470 1521 ei
2495 1483 2617 1522 ullum

2117 1537 2281 1574 uerbum
2301 1537 2353 1574 ita
2371 1543 2413 1575 ut
2431 1538 2529 1576 mira

2117 1596 2221 1628 retur
2240 1602 2372 1640 preses
2389 1590 2487 1629 uehe

2120 1676 2275 1716 Menter

2119 1731 2147 1752 ¹⁵
2155 1731 2228 1771 Per
2248 1731 2307 1771 die
2328 1739 2456 1772 autem
2476 1732 2599 1772 solem

2118 1798 2210 1824 nem
2248 1794 2502 1826 consueuerat

2119 1852 2273 1890 praeses
2292 1841 2480 1880 dimittere
2500 1854 2552 1892 po

2119 1894 2252 1945 pulum
2273 1907 2395 1933 unum
2414 1896 2579 1934 uinctu*

2118 1961 2235 1998 quem
2255 1949 2469 1988 uoluissent
2488 1949 2574 1988 ¹⁶ha

2117 2004 2263 2041 bebant
2283 2009 2411 2041 autem
2431 2004 2522 2042 uine

2118 2063 2201 2095 tum
2221 2057 2411 2106 insignem
2431 2058 2497 2108 qui
2516 2057 2555 2096 di

2119 2112 2276 2149 cebatur
2295 2112 2485 2150 barabbas

2119 2165 2411 2215 ¹⁷Congregatis
2430 2173 2557 2205 autem
2577 2166 2603 2204 il

2120 2219 2164 2257 lis
2177 2219 2272 2258 dixit
2286 2221 2425 2270 pilatus
2463 2232 2580 2270 quem

2119 2274 2234 2312 uultis
2253 2274 2365 2312 uobis
2385 2273 2574 2312 dimittam

2119 2328 2304 2366 barabam
2323 2339 2373 2365 an
2392 2328 2472 2366 ihm
2491 2329 2558 2379 qui

2119 2382 2256 2419 dicitur
2275 2385 2349 2431 xps

2117 2434 2144 2456 ¹⁸
2155 2435 2309 2474 Sciebat
2321 2435 2426 2474 enim
2439 2435 2546 2487 quod
2552 2449 2621 2487 per

2116 2489 2302 2527 inuidiam
2321 2489 2558 2530 tradiderunt

2119 2555 2210 2581 eum

2119 2598 2147 2619 ²⁹
2156 2597 2320 2636 Sedente
2333 2605 2461 2636 autem
2473 2598 2538 2638 illo
2549 2611 2622 2650 pro

2121 2652 2300 2690 tribunali
2319 2653 2420 2690 misit
2439 2652 2487 2690 ad
2507 2653 2533 2691 il

2120 2706 2201 2744 lum
2225 2718 2323 2744 uxor
2342 2707 2424 2744 eius
2443 2706 2575 2744 dicens

2121 2760 2213 2798 nihil
2233 2761 2279 2798 sit
2298 2760 2366 2798 tibi
2387 2767 2424 2797 et
2442 2760 2542 2798 iusto
2562 2760 2586 2797 il

2119 2814 2144 2852 li
2164 2814 2284 2852 multa
2302 2813 2405 2851 enim
2426 2825 2540 2863 passa

2119 2874 2208 2906 sunt
2227 2867 2341 2906 hodie
2361 2874 2518 2917 propter

2116 2921 2223 2960 illum
