2820 3334
298 245 374 271 xlv.
395 247 411 270 2
420 245 526 271 1—xv.
549 228 622 284 πα]
679 229 797 270 EUA
804 229 1091 270 NGELIUM
1118 228 1228 268 SEC

299 322 382 352 Fol.
398 322 474 353 127.

301 364 381 402 Suo
492 370 584 402 tunc
605 364 660 401 ira

299 425 359 457 tus
380 418 652 468 paterfamilias

299 473 395 511 dixit
417 485 528 511 seruo
549 485 621 511 suo
660 472 722 510 exi

299 528 375 566 cito
396 529 436 564 in
454 528 591 577 plateis
611 533 648 565 et
669 527 707 564 in
728 527 768 565 ui

299 583 354 621 cis
375 583 539 620 ciuitatis
577 588 614 620 et
634 593 712 631 pau

296 649 408 687 peres
428 649 474 675 ac
494 636 640 674 debiles
659 649 703 674 ce

297 703 365 729 cos
385 697 422 729 et
442 691 577 729 clodos
598 692 697 728 intro

297 745 373 783 duc
393 745 469 784 huc
518 744 589 783 ²²et
608 746 659 783 ait
679 757 739 783 ser

297 811 370 838 uus
390 799 533 838 factum
553 807 610 837 est
631 800 707 838 dfie

297 854 395 892 sicut
415 855 596 904 inperasti
617 860 654 892 et

297 908 424 946 adhuc
444 909 598 947 locutus
617 915 675 946 est

298 960 327 983 ²³
336 962 385 1000 Et
405 963 456 1001 ait
476 963 563 1001 dms
584 975 696 1001 seruo
716 963 778 1001 exi

297 1017 337 1054 in
357 1017 439 1055 uias
459 1025 496 1055 et
516 1019 617 1056 circa
637 1030 702 1056 sae

297 1083 366 1121 pes
387 1079 424 1109 et
444 1071 661 1122 conpellere

297 1127 437 1164 intrare
456 1132 498 1163 ut
518 1126 705 1176 inpleatur

298 1180 439 1218 domus
459 1192 547 1218 mea

297 1232 426 1272 ²⁴Dieo
434 1241 563 1272 autem
571 1234 796 1285 uobisquod

296 1300 414 1326 nemo
434 1288 603 1327 uirorum
623 1289 687 1327 illo

295 1355 381 1380 rum
402 1343 467 1392 qui
486 1344 615 1381 uocati
636 1350 724 1382 sunt

295 1398 505 1446 gustabunt
524 1410 660 1436 cenam

295 1464 425 1490 meam

296 1515 346 1542 XL
351 1516 426 1543 UIII
434 1506 580 1544 2filbam!
588 1511 706 1545 aulem
715 1520 796 1545 cum

296 1560 363 1598 illo
385 1562 517 1599 turbae
552 1568 589 1599 et
610 1574 688 1600 con

296 1627 431 1653 uersus
451 1615 547 1654 dixit
567 1615 617 1654 ad
636 1616 722 1654 illos

296 1744 324 1767 ²⁶
333 1745 372 1784 Si
393 1746 478 1796 quis
498 1746 603 1784 uenit
623 1753 661 1785 et
681 1752 763 1785 no*

296 1801 377 1839 odit
396 1809 545 1850 patrem
565 1813 678 1839 suum

296 1862 333 1893 et
353 1862 515 1893 matrem
537 1862 574 1893 et
594 1868 672 1893 uxo

295 1922 376 1948 rem
410 1916 447 1947 et
467 1910 565 1947 filios
599 1917 636 1948 et
655 1910 711 1948 fra

295 1971 373 2002 tres
404 1970 440 2001 et
460 1976 613 2002 sorores
633 1965 681 2002 ad

296 2018 371 2056 huc
393 2018 508 2056 etiam
529 2019 688 2057 anima-

296 2085 407 2111 suam
427 2085 507 2111 non
528 2079 655 2122 potest

294 2139 406 2165 meus
426 2127 636 2177 discipulus

294 2193 380 2220 esse
529 2180 600 2219 ²⁷et
620 2182 686 2231 qui

295 2248 375 2274 non
395 2236 491 2274 tollit
509 2248 664 2274 crucem

295 2302 404 2328 suam
425 2297 463 2328 et
483 2292 587 2329 uenit
607 2297 696 2341 post

294 2356 357 2382 me
378 2357 457 2382 non
477 2351 606 2394 potest
625 2358 666 2383 es

297 2410 338 2435 se
358 2410 467 2437 meus
488 2399 696 2449 discipulus

296 2451 430 2498 28Quis
450 2466 498 2490 ex
517 2454 629 2491 uobis
648 2454 786 2493 uolens

296 2512 438 2543 turrem
457 2507 660 2545 aedificare

658 2571 681 2592 n

297 2615 428 2641 nonne
449 2604 552 2653 prius
572 2604 682 2643 sedes

297 2658 526 2707 conputauit
546 2670 659 2708 sump

297 2718 358 2749 tus
378 2712 444 2761 qui
464 2724 625 2750 necessa

297 2766 339 2804 rii
360 2772 447 2803 sunt
468 2767 498 2804 si
518 2766 634 2804 habet

297 2821 347 2858 ad
367 2820 707 2858 consummandu-

296 2874 380 2912 ²⁹ne
400 2882 538 2924 postea
559 2887 647 2913 eum
667 2888 719 2926 po

298 2929 412 2966 suerit
431 2929 643 2968 fundamen

298 2989 381 3020 tum
401 2990 438 3020 et
459 2996 538 3021 non
559 2991 677 3033 potue

299 3037 346 3074 rit
366 3037 558 3086 explicare
590 3051 656 3076 om

366 3125 517 3143 BUCHANAN

837 361 920 400 Nes
940 362 1005 413 qui
1026 362 1214 400 uidebunt

835 417 1000 455 ³⁰dicent
1020 417 1080 454 hie
1101 416 1220 454 homo

835 472 965 522 coepit
984 471 1184 509 aedificare

834 533 871 564 et
891 538 971 564 non
994 525 1116 575 potuit
1137 536 1213 563 con

835 592 1030 618 summare

833 635 945 672 31Aut
966 635 1050 684 quis
1069 646 1137 671 rex
1158 633 1276 671 iturus

831 689 1058 728 conmittere
1078 688 1222 726 bellum

832 744 1018 781 aduersus
1038 743 1154 780 alium
1171 754 1212 779 re

830 810 920 848 gem
939 809 1071 835 nonne
1090 796 1231 835 sedens

828 853 934 902 prius
954 852 1137 902 cogitauit
1156 851 1186 888 si

829 907 997 956 potuerit
1017 919 1107 944 cum
1128 905 1252 943 dece-

829 961 1013 999 militibus
1033 960 1189 999 obuiare

830 1016 866 1054 ei
899 1016 965 1066 qui
985 1028 1073 1053 cum
1094 1014 1230 1064 uiginti

831 1070 1014 1108 militibus
1034 1070 1139 1107 uenit
1159 1068 1208 1106 ad

830 1136 985 1162 uersum
1006 1136 1047 1162 se
1067 1123 1276 1173 ³2ali0qui-

831 1179 956 1216 adhuc
978 1179 1043 1216 illo
1063 1178 1180 1227 longe

831 1240 968 1283 agente
990 1233 1114 1270 mittet
1137 1233 1223 1282 lega

829 1288 976 1326 tionem
997 1299 1141 1337 rogans

829 1353 968 1391 pacem

830 1396 931 1435 33Sic
950 1406 1044 1446 ergo
1064 1408 1112 1434 ex
1132 1396 1245 1434 uobis
1265 1395 1332 1447 qui

831 1463 912 1489 non
931 1451 1119 1489 renuntiat
1138 1462 1203 1488 om

831 1507 944 1543 nibus
965 1518 1064 1555 quae
1085 1505 1258 1555 possidet

832 1572 913 1598 non
933 1566 1060 1610 potest
1079 1572 1189 1598 meus

832 1614 1043 1664 discipulus
1062 1626 1146 1652 esse

831 1745 1021 1784 34Bonum
1042 1752 1099 1784 est
1119 1746 1173 1784 sal
1208 1745 1314 1797 quod

834 1800 865 1837 si
885 1800 941 1838 sal
961 1801 1159 1838 euanuerit
1179 1801 1218 1838 in

834 1868 913 1905 quo
933 1855 1135 1893 condietur
1165 1855 1250 1893 35ne

834 1922 908 1959 que
928 1910 967 1946 in
988 1915 1086 1947 terra
1106 1922 1233 1960 neque

834 1965 873 2001 in
895 1964 1112 2002 sterculinio
1132 1965 1186 2002 uti

833 2018 867 2056 le
888 2026 944 2056 est
965 2019 1034 2057 sed
1055 2018 1147 2057 foris
1167 2019 1237 2056 mit

832 2079 932 2111 tetur
952 2073 1018 2123 qui
1038 2073 1155 2111 habet
1174 2086 1223 2111 au

832 2140 894 2165 res
914 2128 1097 2165 audiendi
1117 2128 1246 2166 audiat

831 2192 978 2219 XLUJHI
996 2189 1031 2220 15
1045 2182 1198 2220 1Erant
1214 2187 1332 2220 aulem

830 2237 949 2286 pliciti
969 2236 1019 2273 illi
1040 2249 1176 2275 omnes
1266 2235 1338 2290 [ad

831 2291 1026 2340 publicani
1048 2298 1085 2329 et
1104 2304 1223 2341 pecca

832 2353 934 2384 tores
954 2352 995 2383 ut
1015 2345 1191 2384 audirent

829 2400 938 2437 i1111111

830 2453 900 2492 2Et
922 2455 1213 2492 murmurabant

831 2508 997 2558 pharisei
1017 2516 1054 2546 et
1075 2509 1223 2547 scribae

831 2563 936 2612 quod
955 2563 1016 2601 hic
1036 2570 1197 2612 peccato

832 2628 892 2654 res
912 2617 1098 2666 reciperet
1117 2624 1154 2654 et
1174 2622 1268 2655 ma*

831 2670 987 2708 ducaret
1006 2683 1094 2708 curn
1115 2672 1185 2708 illis

832 2724 903 2761 3Et
923 2724 974 2761 ait
995 2724 1043 2761 ad
1064 2724 1147 2762 illos
1168 2725 1226 2762 ihs
1246 2725 1332 2762 simi

834 2778 1033 2815 litudinem
1053 2778 1153 2816 hanc
1176 2779 1214 2816 di

835 2845 927 2870 cens
979 2833 1085 2882 ⁴quis
1106 2845 1153 2869 ex
1173 2833 1286 2870 uobis

834 2887 955 2924 homo
976 2886 1040 2935 qui
1061 2886 1175 2925 habet
1195 2892 1268 2924 ce*

834 2948 917 2979 tum
938 2953 1032 2979 oues
1053 2947 1090 2978 et
1110 2941 1139 2978 si
1160 2953 1241 2979 erra

834 2996 930 3034 uerit
951 3007 1029 3034 una
1049 3008 1096 3034 ex
1117 2995 1188 3034 illis

1772 229 2074 270 LUCANUM

1404 316 1488 348 Fol.
1503 317 1584 348 128.

1405 359 1549 398 Nonne
1569 360 1732 399 dimittet

1405 415 1617 465 nonaginta
1638 422 1674 453 et
1694 428 1797 454 noue

1403 469 1443 506 in
1463 471 1659 507 montibus
1681 471 1720 507 in
1741 471 1789 508 de

1403 530 1504 562 serto
1524 531 1560 561 et
1580 524 1647 562 ibit
1667 525 1717 562 ad
1737 525 1842 563 illam

1402 591 1501 628 quae
1522 579 1661 616 errauit
1681 579 1807 617 donec

1400 633 1571 671 inueniat
1592 646 1679 671 eam
1700 634 1757 671 ⁵et
1775 646 1866 672 cum

1400 687 1592 725 inuenerit
1612 700 1699 725 eam
1719 688 1813 738 inpo

1401 742 1456 779 nit
1475 743 1514 779 in
1533 754 1688 780 umeros
1709 754 1800 780 suos

1399 797 1456 834 6et
1475 797 1636 834 ueniens
1657 797 1819 835 domum

1399 857 1588 889 conuocat
1607 852 1753 890 amicos

1399 912 1436 943 et
1455 906 1606 944 uicinos
1627 906 1760 944 dicens
1785 907 1806 944 c

1399 960 1471 997 illis
1545 961 1773 1010 congratula

1400 1014 1493 1051 mini
1513 1026 1668 1052 mecum
1690 1016 1781 1065 quia

1398 1069 1556 1106 inuenta
1576 1076 1633 1107 est
1652 1082 1746 1108 oues
1767 1082 1855 1109 mea

1401 1136 1501 1173 quae
1522 1124 1686 1173 perierat
1724 1124 1832 1163 ⁷dico

1400 1178 1512 1216 uobis
1532 1179 1638 1228 quod
1659 1179 1710 1216 ita
1730 1191 1807 1228 gau

1402 1232 1507 1269 dium
1527 1233 1597 1270 erit
1617 1233 1656 1270 in
1676 1233 1786 1271 caelo

1401 1287 1440 1324 in
1460 1299 1540 1324 uno
1561 1294 1763 1337 peccatore

1402 1384 1652 1434 penitentiam
1674 1351 1802 1434 hage*

1401 1446 1481 1477 tem
1501 1451 1619 1489 quam
1638 1441 1677 1477 in
1698 1452 1803 1478 nona

1400 1494 1508 1543 ginta
1528 1501 1565 1532 et
1585 1507 1729 1532 nouem
1750 1495 1809 1533 ius

1400 1550 1446 1585 tis
1466 1549 1532 1598 qui
1553 1561 1633 1587 non
1653 1549 1810 1599 indige-

1399 1604 1651 1652 penitentiam

1399 1658 1497 1696 8Aut
1517 1671 1593 1708 que
1613 1658 1750 1697 mulier
1768 1657 1819 1697 ha

1402 1743 1506 1783 Bens
1527 1745 1708 1796 dragmas

1402 1800 1539 1838 decem
1596 1802 1626 1838 si
1647 1801 1756 1851 perdi

1403 1854 1500 1892 derit
1520 1867 1639 1892 unam
1675 1868 1755 1894 non

1403 1921 1452 1945 ne
1473 1909 1662 1947 adcendet
1683 1910 1788 1948 lucer

1404 1975 1495 2000 nam
1516 1970 1551 2000 et
1572 1965 1701 2014 scopis
1722 1970 1816 2002 mu-

1404 2017 1508 2055 dauit
1529 2018 1690 2055 domum
1711 2025 1807 2057 sua-

1403 2078 1440 2109 et
1459 2073 1581 2121 querit
1602 2073 1747 2122 diligen

1402 2133 1457 2163 ter
1477 2126 1601 2165 donec
1622 2127 1752 2166 inueni

1402 2187 1440 2218 at
1515 2181 1573 2219 ⁹et
1593 2194 1683 2219 cum
1707 2183 1747 2220 in

1400 2236 1549 2273 uenerit
1568 2246 1760 2275 conuocat

1401 2290 1546 2328 amicas
1566 2297 1602 2328 et
1623 2291 1771 2329 uicinas

1401 2344 1532 2382 dicens
1552 2353 1740 2395 congratu

1402 2399 1534 2436 lamini
1555 2400 1649 2437 mihi
1670 2400 1775 2452 quod

1401 2454 1531 2491 inueni
1552 2454 1755 2504 dragmam

1401 2520 1519 2557 quam
1539 2509 1781 2558 perdideram

1403 2562 1499 2600 1⁰Ita
1515 2564 1603 2601 dico
1624 2565 1738 2602 uobis
1755 2566 1808 2602 sic
1828 2576 1904 2615 gau

1401 2617 1507 2653 dium
1527 2618 1597 2654 erit
1618 2630 1749 2655 coram

1402 2671 1564 2720 angelus
1585 2671 1624 2708 di
1644 2672 1683 2708 in
1703 2684 1782 2710 uno

1402 2733 1607 2773 peccatore
1628 2726 1785 2774 penite-

1402 2778 1497 2815 tiam
1519 2786 1700 2827 agentem

1403 2844 1425 2869 L
1444 2832 1550 2869 ”Ait
1565 2837 1683 2870 aulem
1700 2834 1803 2871 homo
1823 2835 1893 2883 qui

1403 2887 1493 2924 dam
1515 2886 1649 2925 habuit
1670 2887 1769 2926 duos

1403 2941 1499 2979 filios
1519 2939 1590 2978 ¹²et
1611 2941 1702 2979 dixit
1723 2942 1774 2980 illi
1794 2942 1870 2981 adu

1402 2995 1609 3034 lescentior
1628 3003 1734 3046 pater

2389 233 2439 282 65

1940 362 2003 401 Da
2023 363 2116 401 mihi
2136 363 2353 413 portionem

1940 419 2177 456 substantiae
2211 430 2312 469 quae

1939 484 2002 509 me
2024 473 2213 522 contingit
2251 480 2287 511 et
2308 473 2347 510 di

1939 527 2026 564 uisit
2047 527 2118 565 illis
2139 528 2378 566 substantiae

1939 593 2039 630 quae
2059 594 2122 620 me
2143 583 2330 631 contingit

1939 636 2010 673 1³et
2029 648 2110 674 non
2132 644 2220 686 post
2241 637 2384 676 multos

1938 690 2019 728 dies
2039 692 2284 740 congregatis

1937 745 2119 783 omnibus
2171 746 2304 784 adules

1937 799 2085 837 centior
2105 800 2204 838 filius
2224 801 2312 850 pele

1936 865 2003 903 gre
2023 853 2217 903 profectus
2238 861 2295 893 est

1937 909 1976 945 in
1998 909 2198 958 regionem
2218 909 2286 947 lon

1936 963 2123 1013 ginquam
2143 970 2180 1001 et
2201 964 2252 1001 ibi
2272 963 2330 1002 dis

1936 1018 2076 1067 sipauit
2096 1018 2340 1056 substantia*

1936 1084 2047 1110 suam
2068 1072 2237 1111 uiuendo
2256 1073 2297 1111 lu

1937 1127 2114 1164 xuriosae

1937 1181 2021 1218 14Et
2041 1190 2250 1232 postquam
2271 1182 2405 1219 omnia

1938 1236 2179 1285 consumpsit
2216 1236 2277 1274 fae

1938 1296 1978 1328 ta
1998 1295 2055 1327 est
2076 1290 2188 1327 famis
2208 1302 2278 1339 per
2298 1303 2338 1329 re

1939 1345 2097 1393 gionem
2118 1344 2221 1382 illam
2242 1350 2280 1382 et

1938 1399 2065 1447 coepit
2085 1405 2122 1436 et
2142 1399 2224 1446 ipse
2244 1411 2316 1449 ege

1938 1466 1979 1491 re
2011 1452 2082 1490 ¹⁵et
2102 1453 2221 1491 habiit
2241 1461 2278 1492 et
2297 1453 2398 1492 adhe

2273 1518 2292 1539 e

1938 1551 1985 1590 sit
2006 1551 2072 1588 uni
2094 1551 2238 1590 ciuium
2259 1553 2344 1602 rgio

1935 1607 1993 1644 nis
2014 1606 2112 1645 illius

1936 1661 1987 1699 Et
2008 1661 2069 1698 ille
2090 1660 2192 1699 misit
2211 1660 2317 1699 illum
2337 1661 2376 1698 in

1937 1748 2082 1786 Uillam
2103 1761 2212 1786 suam
2233 1755 2274 1786 ut
2294 1761 2365 1799 pas

1939 1810 2042 1841 eeret
2062 1815 2203 1853 porcos
2224 1802 2294 1841 met
2313 1816 2362 1841 cu

1938 1858 2067 1908 piebat
2087 1858 2234 1907 inplere
2254 1870 2331 1895 uen

1937 1919 2035 1950 trem
2057 1924 2170 1949 suum
2192 1912 2238 1950 de
2259 1912 2315 1949 sili

1938 1967 2023 2017 quis
2045 1978 2141 2017 quas
2161 1967 2271 2016 porci
2290 1973 2384 2005 ma-

1941 2021 2138 2059 ducabant
2158 2027 2194 2058 et
2214 2033 2331 2059 nemo

1937 2075 1989 2112 illi
2010 2075 2125 2113 dabat
2182 2075 2255 2112 1⁷in
2276 2088 2316 2113 se
2338 2087 2388 2113 au

1939 2130 2042 2168 Tem
2063 2142 2237 2167 reuersus
2258 2130 2351 2167 dixit

1939 2184 2072 2235 quanti
2092 2197 2302 2222 mercenna

1936 2239 1980 2276 rii
2001 2239 2119 2289 patris
2139 2239 2214 2277 mei
2235 2240 2339 2277 abun

1974 2303 1995 2324 n

1938 2337 2004 2375 dat
2025 2337 2191 2386 panibus
2229 2350 2302 2386 ego

1938 2398 2067 2429 autem
2090 2391 2190 2429 same
2211 2392 2270 2429 hic
2290 2404 2339 2440 pe

1938 2458 2006 2484 reo
2063 2445 2254 2495 ¹⁸surgam
2275 2453 2311 2483 et
2331 2446 2396 2483 ibo

1938 2501 1988 2537 ad
2008 2506 2155 2549 patrem
2176 2512 2308 2537 meum

1939 2561 1976 2591 et
1997 2555 2126 2592 dicam
2147 2554 2209 2591 illi·
2231 2560 2339 2603 pater

1940 2608 2103 2658 peccaui
2123 2608 2161 2644 in
2182 2609 2267 2646 celo
2286 2615 2324 2646 et

1937 2674 2070 2700 coram
2090 2669 2125 2699 te
2146 2661 2255 2699 ¹⁹iam
2275 2668 2359 2700 no-

1939 2728 2025 2753 sum
2046 2716 2186 2765 dignus
2206 2729 2304 2755 uoca

1939 2771 1969 2807 ri
1990 2770 2087 2808 filius
2108 2778 2196 2808 tuus
2215 2770 2274 2809 fac
2294 2784 2357 2809 me

1940 2824 2038 2862 sicut
2057 2837 2178 2862 unum
2199 2838 2245 2863 ex
2265 2838 2349 2864 mer

1942 2879 2133 2917 eennariis
2153 2880 2226 2917 tuis
2273 2879 2348 2918 2⁰et

1942 2945 2102 2982 surgens
2122 2934 2228 2971 uenit
2249 2934 2299 2972 ad

1940 2995 2092 3037 patrem
2114 3001 2225 3026 suum
2265 2993 2341 3027 cu*

1942 3050 2072 3080 autem
2092 3043 2217 3081 adhuc
2238 3042 2304 3081 lon
