2866 3346
503 209 555 246 32

500 284 583 316 1³01.
601 284 662 315 62.

502 327 667 367 Potestis
686 326 817 365 audire
832 333 956 365 meu-

501 393 724 420 sermonem

499 435 668 474 “Uosex
682 442 789 485 patre
796 433 950 472 diabolo
958 445 1000 472 es

500 490 549 528 tis
569 497 606 527 et
626 489 813 527 desideria
834 488 952 538 patris

500 544 637 582 uestris
656 543 769 580 uultis
790 542 915 580 facere

501 597 565 635 ille
586 597 780 635 homicida
799 602 880 634 erat
899 596 950 634 ab
969 595 981 633 i

499 651 595 689 nitio
613 658 651 689 et
670 651 709 689 in
729 651 888 688 ueritate
908 657 994 688 no-

500 705 603 744 stetit
734 704 825 755 quia
843 716 923 743 non
942 711 1000 743 est

499 760 641 798 ueritas
660 759 700 797 in
719 771 809 797 eum
829 770 920 797 cum

499 813 669 864 loquitur
686 813 927 851 mendacin*

498 880 548 906 ex
568 868 646 906 suis
665 867 810 918 propiis
830 865 938 916 loqui

499 928 561 960 tur
671 921 762 972 quia
781 921 951 958 mendax

500 988 544 1014 es
672 976 770 1013 sicut
790 980 898 1024 pater
917 973 999 1012 eius

499 1030 530 1051 ⁴⁶
541 1041 617 1079 ego
636 1030 727 1080 quia
745 1028 949 1066 ueritatem

500 1084 591 1123 dico
610 1095 691 1122 non
711 1082 863 1122 creditis

499 1137 595 1175 mihi
757 1137 785 1158 ⁴⁸
799 1136 884 1187 quis
892 1147 939 1173 ex
947 1147 999 1174 uo

499 1192 559 1230 bis
579 1197 714 1241 arguet
732 1202 796 1229 me
815 1190 865 1228 de
883 1202 956 1240 pec

499 1252 587 1284 cato
755 1245 787 1282 si
798 1246 999 1283 ueritatem

501 1301 591 1338 dico
727 1310 848 1349 quare
868 1310 940 1337 uos

500 1366 582 1392 non
601 1352 764 1392 credetis
782 1351 878 1390 mihi

499 1409 529 1430 ⁴⁷
537 1407 616 1455 Qui
630 1420 679 1446 ex
694 1407 748 1446 do
760 1413 818 1445 est
829 1407 947 1444 uerba
959 1404 1000 1443 di

499 1462 607 1501 audit
771 1468 976 1511 propterea

501 1528 574 1555 uos
594 1528 658 1554 me
678 1527 758 1554 non
778 1515 918 1552 auditis

501 1571 593 1621 quia
612 1582 693 1609 non
712 1570 804 1608 estis
822 1581 871 1607 ex
891 1567 946 1608 do

499 1655 530 1680 ⁴⁸
545 1656 847 1707 Responderunt
866 1656 906 1694 iu

500 1712 585 1751 daei
605 1719 643 1750 et
662 1711 841 1749 dixerunt
859 1711 894 1749 ei

501 1778 634 1805 nonne
654 1766 754 1804 bene
774 1765 938 1804 dicimus

501 1832 574 1858 nos
593 1820 685 1871 quia
704 1819 886 1858 sammari

500 1881 615 1913 tanus
634 1881 691 1912 est
709 1881 750 1912 tu
769 1880 806 1912 et
824 1873 943 1912 demo

502 1929 610 1967 nium
631 1928 750 1966 habes

501 1983 531 2004 ⁴⁹
548 1982 765 2032 Respondit
785 1981 845 2019 ihs
860 1993 935 2031 ego
953 1981 1001 2020 de

501 2037 678 2075 monium
698 2047 776 2073 non
796 2035 923 2074 habeo

503 2091 572 2129 sed
590 2089 805 2128 honorifico
829 2101 879 2138 pa

502 2150 603 2183 trem
623 2155 755 2182 meum
774 2149 813 2181 et
832 2154 903 2181 uos

503 2198 746 2236 inhonoratis
765 2209 829 2235 me

503 2252 534 2274 ⁶⁰
546 2252 635 2302 Ego
655 2259 785 2289 autem
806 2261 885 2288 non
905 2262 982 2301 que

503 2318 549 2346 ro
570 2306 739 2345 claritate
758 2316 888 2342 meam

504 2367 563 2399 est
618 2360 684 2411 qui
704 2365 839 2410 querat
858 2364 896 2397 et
915 2358 955 2396 iu

506 2415 606 2453 dicet

504 2468 662 2506 ⁶¹Amen
682 2479 797 2506 amen
817 2466 905 2505 dico
924 2478 978 2505 uo

505 2523 565 2561 bis
583 2524 614 2560 si
633 2522 720 2572 quis
740 2527 947 2559 sermone*

506 2588 637 2615 meum
658 2575 867 2614 seruauerit

507 2643 586 2669 non
610 2630 758 2667 uidebit
778 2635 930 2668 morte-

507 2684 547 2722 in
567 2691 766 2721 aeternum

507 2735 538 2759 ⁸²
550 2736 742 2775 Dixerunt
761 2749 853 2786 ergo
872 2737 907 2775 ei
927 2736 965 2775 iu

508 2791 571 2829 dei
820 2802 924 2829 nune

507 2843 766 2894 cognouimus
785 2844 875 2893 quia

509 2897 733 2938 demonium
753 2896 873 2936 habes

740 194 786 233 E
787 193 914 234 UAN
913 192 1062 234 GELI
1061 193 1157 233 HM
1185 193 1263 233 SE
1264 193 1298 234 C

1034 325 1235 364 Abraham
1255 330 1431 363 mortuus

1033 386 1092 417 est
1111 387 1148 417 et
1168 379 1350 429 prophete
1371 386 1409 417 et
1427 385 1469 417 tu

1035 433 1128 471 dicis
1148 433 1180 471 si
1199 433 1286 483 quis
1305 445 1434 472 sermo

1035 499 1128 525 nem
1146 499 1278 525 meum
1299 487 1411 525 serba

1035 542 1132 579 berit
1152 553 1232 580 non
1250 541 1420 592 gustabit

1033 603 1201 634 mortem

1033 649 1062 671 ⁶⁸
1079 649 1116 688 N
1120 649 1269 700 umquit
1287 655 1328 687 tu
1348 649 1471 687 maior

1033 716 1075 742 es
1157 716 1275 754 quam
1296 703 1482 741 abraham

1033 758 1100 809 qui
1123 766 1297 797 mortuus
1317 764 1374 796 est
1457 763 1495 795 et

1033 812 1244 863 prophetae
1265 811 1405 850 mortui

1033 872 1124 905 sunt
1205 877 1323 916 quem
1341 871 1378 904 te
1397 866 1512 916 ipsu-

1031 920 1125 958 facis

1031 975 1061 996 Μ
1077 973 1293 1023 Respondit
1312 972 1370 1011 ihs
1390 972 1421 1011 si
1440 984 1514 1022 ego

1033 1028 1294 1066 clarificauero
1313 1039 1377 1065 me

1032 1082 1162 1132 ipsum
1181 1081 1331 1120 claritas
1352 1093 1440 1119 mea

1032 1136 1128 1174 nihil
1146 1143 1202 1173 est
1309 1142 1367 1173 est
1387 1142 1496 1185 pater

1032 1202 1143 1228 meus
1163 1189 1228 1240 qui
1252 1189 1369 1228 clarifi

1033 1252 1094 1283 cat
1112 1256 1176 1282 me
1259 1256 1376 1294 quem
1394 1254 1467 1281 uos

1033 1299 1157 1337 dicitis
1177 1298 1269 1348 quia
1289 1297 1336 1335 ds
1354 1304 1480 1335 uester

1032 1360 1090 1391 est
1173 1352 1203 1374 ⁶⁶
1216 1359 1253 1391 et
1273 1363 1354 1390 non
1373 1363 1502 1400 cogno

1032 1407 1142 1445 uistis
1161 1418 1251 1445 eum
1360 1417 1435 1454 ego
1454 1417 1505 1443 au

1033 1468 1113 1500 tem
1132 1459 1303 1510 cognoui
1323 1471 1413 1498 eum

1033 1527 1101 1554 ero
1121 1515 1252 1553 similis
1270 1514 1384 1552 uobis
1402 1519 1498 1552 me-

1034 1569 1111 1608 dax
1131 1568 1199 1608 sed
1218 1569 1297 1608 seio
1316 1579 1407 1606 eum

1036 1657 1088 1696 Et
1107 1667 1326 1695 sermonem
1346 1656 1427 1693 eius

1035 1723 1149 1750 seruo
1258 1710 1286 1731 ¹⁵⁶
1294 1709 1479 1748 abraham

1035 1771 1145 1815 pater
1163 1770 1289 1803 uester
1306 1763 1436 1802 exulta

1035 1820 1091 1858 uit
1110 1825 1151 1857 ut
1169 1819 1317 1856 uideret
1336 1818 1438 1856 diem

1035 1885 1168 1911 meum
1188 1879 1226 1911 et
1246 1872 1341 1911 uidit
1361 1879 1398 1911 et
1416 1884 1467 1921 ga

1035 1928 1142 1966 uisus
1161 1935 1220 1966 est

1035 1982 1065 2005 ⁵⁷
1078 1982 1269 2020 Dixerunt
1288 1991 1382 2030 ergo
1397 1979 1521 2018 iudaei

1036 2036 1086 2074 ad
1104 2048 1194 2074 eum
1213 2034 1453 2085 quinquagin

1035 2097 1075 2128 ta
1094 2102 1219 2128 annos
1238 2089 1416 2127 nondum

1035 2144 1157 2183 habes
1176 2151 1215 2182 et
1233 2143 1417 2182 abraham
1438 2141 1477 2179 ui

1036 2198 1124 2236 disti
1399 2193 1538 2249 [ame-

1037 2253 1065 2274 ⁵⁸
1080 2251 1188 2290 Dixit
1229 2252 1285 2290 eis
1327 2250 1386 2289 ihs
1420 2261 1536 2287 amen

1037 2306 1127 2344 dico
1150 2306 1263 2343 uobis
1282 2312 1371 2343 ante
1391 2304 1485 2342 abra

1038 2359 1130 2397 ham
1149 2372 1224 2409 ego
1243 2372 1331 2397 sum

1037 2414 1066 2435 ⁶⁹
1080 2413 1269 2451 Tulerunt
1283 2425 1377 2463 ergo
1389 2414 1536 2464 lapides

1038 2474 1081 2506 ut
1100 2468 1284 2506 iactarent
1302 2468 1342 2505 in
1362 2468 1468 2506 illum

1039 2522 1100 2561 ihs
1120 2528 1250 2581 autem
1269 2522 1471 2561 abscondit

1206 2585 1217 2606 1

1040 2631 1081 2658 se
1101 2626 1139 2657 et
1158 2619 1236 2656 exit
1255 2618 1304 2657 de
1323 2619 1470 2669 templo

1042 2682 1148 2710 XUIH
1162 2679 1181 2710 9
1193 2672 1205 2693 ²
1218 2674 1280 2712 Et
1291 2675 1491 2723 preteriens

1040 2727 1239 2766 hominem
1251 2740 1411 2766 caecum
1427 2725 1541 2780 [uidit

1039 2793 1063 2819 a
1082 2781 1280 2820 natiuitate

1039 2836 1054 2857 ²
1068 2835 1119 2873 Et
1139 2835 1473 2885 interrogauerunt

1039 2901 1128 2927 eum
1149 2889 1324 2939 discipuli
1338 2890 1419 2929 eius

1039 2942 1211 2981 dieentes
1230 2944 1340 2982 rabbi
1386 2944 1472 2993 quis

1927 194 2270 235 JOHANNEM
2318 193 2417 250 [vm.
2439 209 2561 245 43-1x.
2584 212 2638 236 21.

1603 283 1686 314 Pol.
1703 285 1762 315 63.

1603 325 1783 365 Peccauit
1802 325 1864 365 hic
1883 332 1949 364 aut
1967 339 2018 377 pa

1603 388 1729 418 rentes
1747 381 1830 418 eius
1848 387 1891 419 ut
1910 393 2024 419 cecus

1605 442 1825 473 nasceretur

1602 487 1616 509 ⁸
1634 488 1850 538 Respondit
1868 488 1926 526 ihs
1945 500 2071 539 neque

1604 542 1665 580 hic
1684 542 1857 592 peccauit
1876 554 2003 592 neque

1603 604 1782 646 parentes
1803 597 1885 634 eius
1905 596 1973 635 sed
1993 603 2035 635 ut

1604 650 1867 689 manifestetur
1886 662 2008 700 opera

1602 704 1643 742 di
1825 705 1865 742 in
1884 705 1950 742 illo
1968 705 1982 726 ⁴
1994 716 2058 743 me
2078 716 2103 743 ο

1603 765 1727 808 portet
1747 759 1898 809 operari
1918 771 1993 808 ope

1601 824 1643 850 ra
1661 813 1743 850 eius
1832 813 1897 862 qui
1918 825 1981 850 rne
2001 812 2103 850 misit

1602 866 1695 904 dum
1716 866 1797 904 dies
1817 874 1874 904 est
1984 866 2090 904 uenit

1603 933 1681 958 nox
1703 920 1862 970 quando
1881 932 1963 959 non
1982 932 2035 970 po

1602 980 1676 1012 test
1696 975 1846 1024 operari
1954 974 1969 995 ⁶
1983 986 2073 1012 cum

1602 1028 1640 1066 in
1662 1028 1735 1066 hoc
1755 1028 1905 1066 mundo
1926 1040 2012 1066 sum

1602 1083 1667 1121 lux
1688 1095 1774 1121 sum
1793 1083 1905 1121 huius
1923 1094 2021 1120 mun

1603 1137 1640 1175 di

1602 1191 1615 1211 ⁶
1629 1190 1740 1229 Haec
1759 1202 1849 1229 cum
1870 1190 2027 1228 dixisset
2052 1203 2101 1229 ex

1602 1245 1683 1295 puit
1702 1245 1741 1282 in
1761 1251 1900 1283 terram
1921 1250 1958 1282 et
1978 1244 2014 1283 fe

1603 1299 1653 1338 cit
1674 1298 1797 1337 lutum
1817 1311 1865 1336 ex
1886 1306 2000 1348 sputo

1603 1360 1640 1391 et
1660 1353 1878 1403 superunsit
1897 1365 1987 1390 eum

1603 1407 1685 1445 luto
1704 1419 1819 1456 super
1839 1406 1973 1445 oculus

1602 1461 1685 1499 eius
1739 1461 1752 1482 ⁷
1765 1467 1802 1498 et
1822 1460 1914 1498 dixit
1929 1461 1964 1499 ei
1979 1459 2101 1498 uadae

1602 1515 1689 1552 laua
1708 1515 1748 1552 in
1769 1515 1955 1552 natatoria

1603 1569 1719 1608 siluae
1740 1568 1846 1620 quod
1863 1569 2010 1619 interpe

1604 1656 1746 1694 Tratur
1764 1656 1906 1694 missus

1602 1710 1653 1748 Et
1672 1711 1764 1748 abiit
1784 1717 1821 1748 et
1840 1710 1933 1749 lauit
1950 1716 1987 1748 et
2006 1722 2056 1749 ue

1603 1765 1659 1802 nit
1678 1764 1816 1803 uidens

1601 1818 1615 1841 ⁸
1628 1818 1756 1857 Uicini
1775 1831 1870 1868 ergo
1888 1818 1971 1857 eius
2036 1818 2103 1870 qui

1603 1882 1794 1912 nouerant
1813 1885 1903 1910 eum
1923 1873 1980 1922 pri

1603 1939 1649 1965 us
1669 1939 1787 1977 quam
1806 1928 2008 1965 mendicus

1603 1988 1684 2019 erat
1847 1981 2026 2019 dicebant

1603 2047 1733 2074 nonne
1752 2035 1813 2073 hic
1833 2042 1891 2073 est
1910 2035 1975 2085 qui

1604 2089 1762 2128 sedebat
1781 2096 1818 2127 et
1837 2089 1968 2127 mendi

1604 2144 1717 2182 cabat
1880 2144 1942 2182 alii
1961 2143 2044 2181 dice

1603 2198 1698 2235 bant
1718 2197 1780 2235 hic
1801 2203 1859 2235 est
1967 2198 1981 2218 ⁹
1994 2197 2057 2236 alii

1604 2259 1734 2289 autem
1755 2251 1936 2290 dicebant

1604 2306 1693 2355 quia
1713 2305 1844 2344 similis
1865 2312 1921 2343 est
1940 2306 1975 2344 ei

1604 2358 1675 2397 Ille
1695 2366 1825 2398 autem
1841 2360 1993 2398 dicebat

1604 2425 1678 2462 ego
1694 2425 1780 2451 sum

1604 2467 1632 2488 ¹⁰
1644 2466 1837 2505 Dicebant
1856 2479 1951 2517 ergo
1969 2467 2005 2505 ei
2025 2479 2103 2518 quo

1605 2521 1724 2559 modo
1743 2533 1839 2571 ergo
1858 2522 1980 2570 aperti

1604 2582 1691 2613 sunt
1711 2575 1778 2613 tibi
1798 2575 1899 2613 oculi

1603 2629 1630 2651 ¹¹
1645 2628 1863 2679 Respondit
1882 2629 1942 2667 ille
1963 2629 2083 2669 homo

1605 2683 1671 2733 qui
1690 2683 1824 2721 dicitur
1842 2683 1900 2722 ihs
1920 2684 1959 2721 lu

1605 2746 1688 2776 tum
1709 2738 1798 2776 fecit
1816 2745 1853 2775 et
1873 2738 1981 2776 unxit

1607 2804 1668 2830 me
1689 2799 1726 2830 et
1746 2792 1839 2830 dixit
1859 2792 1950 2830 mihi
1970 2804 2021 2831 ua

1607 2846 1655 2884 de
1676 2846 1715 2883 in
1735 2846 1858 2884 solam
1879 2854 1916 2884 et
1935 2846 2023 2885 laua

1607 2900 1743 2939 oculus
1767 2907 1852 2939 tuos
1871 2907 1909 2939 et
1927 2901 2004 2938 abii

2137 327 2187 365 Et
2206 328 2281 366 laui
2302 335 2340 367 et
2362 328 2441 367 uidi

2137 381 2165 402 ¹²
2177 382 2367 421 Dixerunt
2385 395 2481 433 ergo
2500 382 2535 421 ei
2554 382 2621 421 ubi

2138 442 2196 474 est
2215 437 2276 474 ille
2296 437 2384 475 dicit
2404 437 2536 476 nescio

2137 489 2378 529 ¹‘'Adducunt
2390 503 2479 529 eum
2492 491 2541 529 ad
2557 489 2635 540 pha

2137 544 2257 583 riseos
2276 545 2341 595 qui
2360 557 2497 583 caecus
2518 545 2558 582 su

2137 604 2218 636 erat
2354 598 2383 620 ¹⁴
2394 606 2474 637 erat
2493 605 2623 637 autem

2138 652 2341 690 sabbatum
2361 652 2400 690 in
2420 664 2498 702 qua
2517 653 2579 690 die

2137 705 2258 743 lutum
2278 705 2366 744 fecit
2385 706 2444 744 ihs
2463 713 2501 745 et
2519 718 2593 757 ape

2136 760 2212 797 ruit
2232 760 2368 798 oculus
2386 761 2468 798 eius

2135 812 2164 835 ¹⁵
2180 813 2325 851 Iterum
2345 825 2439 863 ergo
2459 814 2602 852 interro

2135 868 2282 916 gabant
2301 879 2392 905 eum
2411 867 2575 917 pharisei

2136 921 2337 970 quomodo
2356 922 2483 959 uidisti

2136 975 2207 1013 Ille
2228 984 2358 1014 autem
2378 975 2473 1014 dixit
2492 975 2547 1014 eis
2567 974 2608 1013 lu

2136 1036 2219 1067 tum
2237 1030 2367 1080 posuit
2387 1029 2481 1067 mihi
2501 1041 2547 1068 su

2136 1096 2206 1133 per
2224 1084 2359 1122 oculus
2378 1091 2416 1122 et
2434 1084 2510 1122 laui
2533 1090 2571 1122 et

2136 1150 2229 1176 ecce
2248 1138 2362 1177 uideo

2136 1191 2162 1212 ¹⁶
2174 1192 2365 1230 Dicebant
2379 1203 2474 1242 ergo
2489 1203 2537 1230 ex
2555 1191 2635 1242 pha

2135 1245 2241 1283 riseis
2261 1246 2419 1296 quidam
2440 1258 2520 1284 non

2135 1306 2193 1338 est
2211 1299 2274 1338 hic
2294 1312 2316 1337 a
2335 1299 2389 1338 do
2404 1300 2525 1338 homo

2136 1354 2201 1403 qui
2221 1355 2424 1392 sabbatum
2444 1366 2524 1392 non

2135 1408 2301 1446 custodit
2437 1407 2500 1446 alii
2519 1407 2558 1446 di

2136 1463 2276 1500 cebant
2296 1461 2499 1511 quomodo

2135 1522 2263 1565 potest
2283 1516 2404 1554 homo
2423 1527 2545 1565 pecca

2135 1576 2196 1608 tor
2216 1569 2290 1608 hoc
2309 1569 2435 1608 facere
2454 1570 2514 1620 sig

2136 1656 2200 1696 Na
2218 1663 2256 1696 et
2275 1657 2415 1697 scisma
2433 1664 2514 1697 erat
2532 1657 2574 1696 in

2134 1712 2190 1750 eis

2136 1765 2164 1788 ²⁷
2178 1765 2323 1804 Dicunt
2338 1777 2433 1816 ergo
2449 1765 2499 1803 illi
2515 1777 2634 1804 caeco

2137 1820 2229 1870 quid
2249 1819 2343 1858 dicis
2362 1821 2410 1858 de
2429 1832 2477 1858 eo
2496 1819 2602 1869 quod

2137 1874 2286 1923 aperuit
2306 1874 2442 1912 oculus
2463 1880 2552 1911 tuus

2137 1928 2206 1966 Ille
2226 1935 2355 1966 autem
2376 1928 2471 1965 dixit
2490 1927 2581 1978 quia

2136 1982 2325 2031 propheta
2343 1989 2401 2019 est

2135 2035 2163 2058 ¹⁸
2176 2035 2269 2074 Non
2287 2035 2496 2073 credebant
2516 2034 2619 2073 iudei

2137 2090 2185 2129 de
2204 2090 2269 2128 illo
2378 2090 2563 2140 quoniam

2135 2156 2249 2183 cecus
2269 2142 2338 2181 suit
2356 2150 2393 2181 et
2412 2143 2519 2181 uidet

2135 2198 2260 2236 donec
2279 2204 2511 2235 uocarentur

2134 2259 2313 2303 parentes
2332 2251 2359 2272 ¹⁹
2370 2257 2409 2289 et
2428 2252 2569 2289 interro

2135 2312 2323 2355 gauerunt
2341 2317 2411 2343 eos
2430 2304 2492 2343 hic
2508 2313 2567 2343 est

2135 2360 2236 2397 filius
2255 2366 2382 2397 uester
2401 2372 2519 2410 quem

2136 2426 2208 2452 uos
2228 2413 2349 2451 dicitis
2369 2415 2459 2464 quia
2478 2425 2547 2452 cae

2137 2480 2205 2506 cus
2225 2475 2336 2506 natus
2354 2474 2412 2505 est
2431 2479 2579 2518 quomo

2137 2522 2189 2559 do
2208 2533 2303 2571 ergo
2322 2522 2427 2560 uidet
2447 2521 2567 2560 modo

2137 2576 2166 2598 ²⁰
2179 2575 2481 2625 Responderunt
2499 2586 2619 2625 paren

2137 2637 2196 2668 tes
2215 2630 2296 2668 eius
2315 2637 2354 2667 et
2372 2630 2551 2667 dixerunt

2138 2685 2279 2722 scimus
2300 2684 2389 2733 quia
2407 2684 2469 2721 hic
2489 2683 2587 2720 filius

2138 2745 2268 2776 noster
2287 2744 2344 2775 est
2452 2744 2489 2774 et
2508 2747 2586 2785 quo

2137 2792 2241 2829 niam
2258 2802 2395 2828 caecus
2413 2797 2525 2828 natus

2137 2852 2195 2883 est
2248 2844 2277 2866 ²¹
2292 2844 2491 2894 quomodo
2503 2851 2633 2882 autem

2137 2898 2231 2937 uidit
2250 2899 2444 2936 nescimus
2526 2905 2592 2935 aut

2539 2964 2579 2990 xx
