2820 3334
449 187 501 234 58
683 183 800 222 EUA
806 182 1101 224 NGELJUM
1120 183 1234 224 SEC

447 273 533 303 1¹01.
549 274 624 303 113.

448 315 574 354 Pedes
593 315 659 354 ihu
677 327 821 365 rogans
840 321 921 353 eu*

447 376 489 408 ut
508 370 666 408 intraret
685 370 724 407 in
744 370 896 408 domu·-

447 424 532 462 eius
587 424 712 474 ⁴²quia
732 424 807 461 filia
826 424 894 461 uni

448 491 494 516 ca
514 484 596 516 erat
615 479 650 515 ei
670 478 748 516 fere
769 490 873 516 anno

447 544 535 570 rum
554 532 758 570 duodecim
778 538 816 570 et

447 586 544 624 haec
563 586 798 624 moriebatur

447 640 499 678 Et
518 640 705 690 contingit
724 640 818 678 dum
838 640 910 679 iret

448 706 472 732 a
490 695 611 732 turbis
630 695 684 732 sic
704 695 907 744 conprime

448 749 562 786 batur
581 755 622 786 ut
642 748 877 788 suffocarent

448 815 539 840 eum

448 857 536 895 “Et
547 856 681 895 mulier
687 856 856 908 quedam
868 863 950 895 erat

449 911 490 949 in
508 911 700 961 profluuio
721 911 859 961 sangui

449 965 510 1004 nis
529 967 579 1004 ab
598 966 711 1004 annis
731 965 860 1004 duode

450 1021 527 1059 cim
546 1032 646 1070 quae
666 1020 706 1057 in
724 1019 898 1057 medicos

449 1080 677 1124 erogauerat
696 1080 843 1111 omne*

449 1128 704 1166 substantiam
725 1138 837 1165 suam

449 1194 521 1220 nec
540 1183 590 1220 ab
609 1182 688 1220 ullo
707 1181 831 1232 potuit
850 1193 899 1220 cu

450 1237 525 1274 rari
615 1235 810 1274 4⁴accessit
830 1248 871 1273 re

449 1297 508 1329 tro
527 1296 566 1328 et
585 1290 707 1340 tetigit
725 1290 824 1328 uesti

448 1352 625 1382 mentum
644 1345 726 1382 eius
745 1350 784 1382 et
803 1351 881 1382 co*

447 1398 575 1437 festim
595 1399 696 1437 stetit
715 1397 864 1436 fluxum

450 1453 649 1503 sanguinis
668 1453 787 1503 ipsius

449 1507 537 1545 ⁴⁵Et
556 1507 607 1545 ait
627 1507 687 1546 ihs
706 1507 793 1558 quis
811 1512 869 1545 est
884 1506 950 1557 qui

448 1561 572 1612 tetigit
867 1558 950 1614 [me

449 1692 693 1742 Negantibus
712 1697 841 1730 autem

450 1747 631 1786 omnibus
650 1746 747 1784 dixit
766 1752 899 1796 petrus

449 1808 488 1839 et
507 1801 573 1851 qui
593 1813 681 1839 cum
701 1800 765 1839 illo
784 1806 877 1838 era-

449 1862 653 1906 preceptor
671 1855 806 1892 turbae

450 1917 489 1948 te
509 1915 765 1960 conpremunt
784 1915 865 1948 tam

770 1972 786 1994 S

451 2018 618 2056 magnae
638 2013 677 2045 et
696 2006 786 2045 dicit
804 2006 889 2058 quis

451 2073 516 2099 me
534 2061 655 2110 tetigit

452 2114 538 2152 ⁴⁶Et
557 2114 651 2152 dixit
669 2114 729 2152 ihs
748 2114 870 2164 tetigit
890 2126 952 2152 me

452 2168 590 2219 aliquis
609 2181 700 2206 nam
720 2174 758 2205 et
777 2181 852 2218 ego

453 2223 622 2272 cognoui
642 2223 822 2260 uirtutem

453 2277 579 2315 exisse
599 2277 647 2315 de
666 2288 730 2314 me

453 2330 638 2370 ⁴⁷Uidens
658 2338 787 2369 autem
806 2329 902 2368 muli

453 2398 496 2424 er
515 2386 607 2436 quia
625 2397 706 2424 non
725 2384 832 2423 latuit

814 2447 837 2470 n

453 2482 562 2522 illum
581 2482 686 2521 uenit
706 2489 845 2520 tremes

455 2544 493 2575 et
512 2537 678 2588 procidit
696 2543 785 2575 ante
805 2549 854 2587 pe

454 2591 523 2629 des
542 2592 624 2630 eius
643 2597 681 2629 et
700 2592 753 2630 ob
771 2602 891 2642 quam

454 2657 614 2684 causam
633 2645 799 2695 tetigerit

455 2710 546 2737 eum
566 2699 747 2738 indicauit
766 2711 815 2738 co

455 2764 538 2791 ram
558 2753 665 2790 omni
685 2753 832 2803 populo

455 2813 494 2844 et
513 2806 843 2857 quemadmodum

456 2859 663 2899 confestim
683 2866 818 2899 sanata

456 2920 517 2953 est

456 2967 556 3007 ⁴⁸Ad
574 2967 636 3006 ille
655 2967 750 3006 dixit
769 2966 803 3004 ei
823 2966 900 3005 filia
919 2967 944 3005 fi

455 3022 526 3062 des
545 3029 611 3062 tua
629 3028 667 3061 te
686 3021 835 3061 saluam
853 3020 942 3059 fecit

983 315 1083 354 uade
1102 315 1143 353 in
1162 327 1303 366 pacem

982 369 1156 408 ⁴⁹Adhuc
1177 370 1241 408 illo
1259 370 1443 420 loquente

982 425 1089 463 uenit
1109 424 1266 475 quidam
1285 424 1336 462 ad
1355 425 1447 474 pri-

984 479 1110 529 cipem
1131 490 1353 529 synagogae

984 533 1117 572 dicens
1137 534 1171 571 ei
1192 533 1280 583 quia
1299 544 1385 571 mor

984 594 1049 625 tua
1067 594 1126 626 est
1145 587 1221 625 filia
1241 594 1307 625 tua
1324 586 1405 625 noli

983 654 1124 680 nexare
1143 642 1249 679 illum

983 696 1087 735 ⁶⁰1hs
1106 702 1235 734 autem
1255 695 1386 734 audito
1408 694 1485 734 hoc
1508 701 1511 705 ’

983 751 1105 789 uerbo
1124 750 1175 789 ait
1193 750 1290 800 patri
1309 750 1399 800 puel

983 804 1043 843 lae
1063 804 1142 843 noli
1162 805 1292 842 timere
1312 815 1374 842 cre

984 859 1033 897 de
1052 865 1202 897 tantum
1223 865 1260 896 et
1280 857 1387 896 salua

984 914 1054 952 erit

984 967 1071 1004 ⁵¹Et
1090 978 1180 1004 cum
1199 965 1368 1003 uenisset
1386 965 1427 1002 in

985 1021 1145 1060 domum
1164 1031 1244 1058 non
1263 1031 1333 1069 per

984 1075 1087 1113 misit
1107 1086 1237 1113 secum
1257 1074 1358 1112 intra

985 1142 1026 1167 re
1046 1140 1284 1179 quemquam
1303 1128 1343 1165 ni

985 1184 1016 1222 si
1035 1190 1189 1234 petrum
1208 1189 1246 1220 et
1265 1181 1383 1220 iohan

985 1250 1077 1276 nem
1096 1244 1134 1276 et
1153 1236 1335 1275 iacobum

985 1298 1023 1330 et
1041 1297 1190 1342 patrem
1210 1297 1247 1328 et
1265 1296 1422 1328 matre-

985 1345 1135 1396 puellae
1155 1345 1336 1383 ⁶²flebant
1355 1356 1405 1382 au

984 1406 1063 1439 tem
1083 1411 1220 1438 omnes
1240 1406 1278 1437 et
1295 1398 1385 1449 plan

985 1455 1130 1504 gebant
1148 1453 1252 1491 illam

984 1508 1048 1546 Ad
1068 1508 1130 1546 ille
1149 1507 1244 1546 dixit
1263 1506 1382 1545 nolite

985 1563 1074 1601 flere
1093 1574 1174 1601 non
1193 1568 1250 1601 est
1269 1561 1374 1600 enim

985 1691 1143 1731 Mortua
1162 1691 1229 1730 sed
1250 1690 1321 1729 dor

983 1747 1055 1785 mit
1073 1746 1146 1784 ⁶³et
1165 1745 1391 1784 deridebant

984 1813 1087 1840 eum·
1109 1800 1271 1839 scientes
1288 1811 1376 1838 eam

984 1862 1178 1893 mortuam
1196 1866 1281 1892 esse
1299 1854 1417 1904 ⁶⁴ipse

985 1916 1115 1948 autem
1135 1916 1273 1947 tenens
1291 1920 1357 1945 ma

985 1975 1081 2002 num
1100 1963 1182 2002 eius
1201 1962 1383 2001 clamauit

986 2018 1121 2057 dicens
1139 2017 1267 2067 puella
1288 2029 1351 2055 sur

986 2084 1036 2123 ge
1109 2072 1181 2110 ⁵⁵et
1201 2070 1390 2109 conuertit

986 2130 1074 2176 spm
1094 2126 1176 2164 eius
1195 2131 1233 2164 et
1253 2125 1415 2163 surrexit

986 2181 1170 2220 continuo
1191 2185 1229 2218 et
1248 2179 1354 2217 iussit

986 2235 1039 2272 illi
1060 2235 1150 2272 dare
1169 2233 1364 2271 manduca

986 2301 1027 2327 re
1045 2288 1117 2326 ⁶⁶et
1136 2292 1365 2337 stupuerunt
1385 2298 1436 2336 pa

986 2349 1113 2381 rentes
1133 2341 1214 2379 eius
1234 2341 1373 2391 quibus

986 2395 1159 2448 precepit
1177 2407 1226 2433 ne
1246 2394 1359 2433 alicui

987 2451 1157 2489 dicerent
1175 2449 1282 2499 quod
1302 2447 1362 2486 fac

987 2511 1070 2543 tum
1090 2515 1132 2542 es
1362 2499 1491 2555 [aute-

988 2567 1122 2595 xxrrrr
1170 2565 1188 2595 9
1199 2556 1212 2577 ¹
1269 2555 1491 2595 Conuocatz's

988 2611 1194 2650 duodecim
1212 2610 1365 2661 discipu

988 2666 1034 2704 lis
1054 2665 1131 2704 suis
1151 2665 1254 2704 dedit
1272 2665 1343 2703 illis
1362 2664 1420 2703 uir

989 2726 1110 2758 tutem
1129 2726 1168 2759 et
1186 2725 1406 2770 potestate*

990 2786 1106 2824 super
1126 2774 1258 2813 omnia
1277 2774 1394 2812 demo

990 2829 1055 2867 nia
1073 2835 1111 2867 et
1130 2835 1171 2867 ut
1190 2828 1396 2879 languores

990 2889 1170 2921 curarent

992 2936 1062 2975 ²Et
1080 2937 1181 2975 misit
1199 2936 1285 2975 illos
1305 2934 1462 2986 predica

1905 185 2211 226 LUCANUM
2259 184 2363 240 [vm.
2383 200 2509 236 41-1x.
2531 193 2585 226 16.

1552 273 1634 304 1¹01.
1650 274 1728 304 114.

1554 316 1613 354 Re
1633 327 1797 366 regnum
1816 314 1857 354 di
1875 322 1913 356 et
1932 328 1976 356 sa

1553 383 1646 408 nare
1665 370 1838 408 infirmos

1552 424 1622 462 8Εἰ
1641 424 1692 462 ait
1711 424 1782 462 illis
1802 424 1896 462 nihil
1916 423 1993 463 tule

1553 479 1632 516 ritis
1652 478 1691 516 in
1711 479 1816 516 uiam
1836 490 1962 528 neque

1553 533 1704 583 uirgam
1724 544 1850 583 neque
1870 538 2005 583 petra*

1553 599 1680 636 neque
1700 586 1913 625 calciamen

1553 647 1635 679 tum
1673 653 1799 691 neque
1819 647 1954 691 pane-

1553 708 1680 746 neque
1700 696 1905 745 pecuniam

1553 761 1680 799 neque
1700 750 1796 788 duas
1814 749 1965 787 tunicas

1553 804 1727 841 habeatis

1554 857 1623 895 4In
1643 869 1889 907 quacumque
1909 856 1962 895 do

1554 923 1663 949 mum
1682 911 1911 949 intraueritis

1554 966 1607 1004 ibi
1626 973 1780 1004 manate
1800 972 1837 1003 et
1855 965 1946 1004 inde

1554 1019 1839 1069 proficiscimini

1554 1073 1626 1112 ⁵Et
1645 1074 1880 1124 quicumque
1900 1085 1982 1112 non

1553 1128 1764 1178 receperint
1784 1140 1856 1166 uos

1554 1189 1743 1220 exeuntes
1764 1182 1812 1220 de
1832 1181 1946 1220 ciuita

1554 1243 1592 1274 te
1612 1236 1715 1274 illam
1735 1237 1849 1274 etiam
1868 1235 1935 1285 pul

1554 1302 1685 1328 uerem
1706 1289 1753 1328 de
1774 1290 1939 1340 pedibus

1554 1345 1691 1383 uestris
1710 1344 1876 1382 excutite

1554 1398 1593 1436 in
1613 1398 1877 1437 testimonium
1896 1409 1941 1435 su

1553 1465 1623 1502 per
1641 1452 1727 1491 illos

1554 1507 1732 1556 “Egressi
1752 1512 1881 1543 autem
1900 1505 1954 1543 cir

1553 1561 1750 1600 cumibant
1769 1560 1941 1598 ciuitates

1554 1696 1593 1729 et
1611 1689 1766 1728 castella
1785 1701 1936 1739 euange

1552 1744 1711 1782 lizantes
1730 1750 1767 1782 et
1786 1755 1906 1782 curan

1554 1805 1612 1837 tes
1632 1799 1776 1848 ubique

1553 1852 1734 1890 '‘Audiuit
1753 1858 1883 1890 autem
1901 1851 1951 1890 he

1554 1907 1669 1945 rodes
1689 1906 1879 1945 tetrarcha

1555 1961 1688 1999 omnia
1707 1973 1806 2011 quae
1826 1966 1911 1998 rant

1554 2015 1656 2053 facta
1693 2022 1731 2052 et
1751 2021 1906 2052 eonster

1555 2069 1719 2107 nabatur
1737 2080 1785 2106 eo
1805 2067 1911 2118 quod

1554 2123 1742 2161 diceretur
1761 2135 1784 2160 a
1804 2123 1944 2172 quibus

1555 2177 1645 2215 dam
1666 2177 1757 2227 quia
1775 2176 1956 2215 iohannis

1555 2232 1717 2269 surrexit
1737 2243 1760 2270 a
1778 2231 1939 2269 mortuis

1555 2285 1599 2323 ⁸a
1618 2286 1852 2336 quibusdam
1871 2291 2002 2323 autem

1556 2339 1662 2390 quod
1681 2339 1799 2378 helias
1819 2351 1968 2389 apparu

1554 2394 1584 2431 it
1603 2394 1653 2431 ab
1674 2393 1755 2431 aliis
1774 2399 1903 2431 autem
1923 2391 2029 2443 quod

1556 2446 1706 2498 profeta
1725 2459 1824 2485 unus
1845 2447 1893 2485 de
1912 2458 1964 2484 an

1556 2501 1670 2551 tiquis
1690 2501 1854 2539 surrexit

1557 2556 1641 2593 ⁹Ait
1661 2562 1791 2593 autem
1810 2553 1973 2593 herodes

1558 2609 1767 2648 iohannem
1787 2621 1862 2659 ego
1881 2608 1930 2647 de

1558 2664 1696 2703 collaui
1715 2663 1776 2702 hic
1797 2663 1863 2714 qui
1882 2669 1942 2701 est

1559 2718 1606 2756 de
1626 2729 1707 2769 quo
1726 2730 1800 2767 ego
1821 2717 1936 2756 audio

1558 2772 1648 2810 talia

1559 2826 1608 2864 Et
1627 2825 1813 2876 querebat
1830 2824 1938 2863 illum

1560 2881 1688 2919 uidere
1707 2879 1779 2918 ¹⁰et
1798 2879 1940 2918 reuersi

1559 2933 1723 2986 apostoli
1741 2940 1976 2972 narraueru·

2084 325 2170 354 xxv
2182 317 2256 355 Illi
2269 331 2483 368 quecumque
2486 317 2537 370 se

2086 378 2222 410 cerunt

2085 424 2135 463 Et
2155 426 2369 477 adsumptis
2388 426 2460 465 illis
2479 426 2538 465 ihs

2086 480 2241 518 secessit
2260 492 2435 519 seorsum

2086 533 2126 571 in
2146 534 2273 572 locum
2293 534 2476 572 desertu-

2086 587 2191 637 quod
2210 594 2268 627 est
2287 588 2462 627 bessaida

2085 640 2112 662 ²¹
2121 641 2227 690 quod
2245 649 2286 680 ut
2305 643 2495 692 cognouis

2088 702 2173 733 sent
2192 696 2326 734 turbae
2347 704 2478 735 secute

2087 755 2176 787 sunt
2195 749 2302 787 illum
2321 757 2358 788 et
2377 763 2472 789 exce

2086 804 2143 853 pit
2163 803 2247 841 illos
2267 810 2304 841 et
2323 803 2490 854 loqueba

2087 864 2149 895 tur
2167 857 2239 896 illis
2259 858 2306 895 de
2326 870 2447 908 regno
2465 858 2507 896 di

2086 918 2126 950 et
2144 923 2213 950 eos
2232 911 2297 961 qui
2316 924 2407 950 cura
2426 912 2507 950 indi

2176 975 2198 996 n

2087 1009 2204 1057 gebat
2224 1010 2385 1047 sanabat

2087 1062 2216 1101 1²Dies
2239 1070 2368 1102 autem
2391 1070 2584 1114 coeperu-

2088 1116 2278 1155 declinare
2297 1124 2334 1156 et
2355 1117 2469 1156 adces

2088 1178 2218 1209 serunt
2237 1171 2443 1210 duodecim

2087 1225 2262 1275 discipuli
2282 1226 2363 1263 eius
2382 1232 2420 1264 et
2439 1226 2478 1264 di

2087 1285 2227 1317 xerunt
2246 1279 2298 1316 illi
2336 1279 2446 1317 dimit

2087 1339 2126 1371 te
2145 1334 2276 1371 turbas
2295 1340 2336 1371 ut
2356 1340 2446 1371 eant

2087 1387 2189 1426 circa
2209 1387 2364 1425 castella
2383 1394 2421 1425 et
2440 1386 2493 1425 uil

2087 1441 2144 1479 las
2162 1447 2200 1479 et
2218 1439 2391 1479 reficiant
2412 1453 2454 1480 se

2087 1502 2125 1534 et
2144 1495 2341 1533 inueniant
2360 1507 2470 1533 escas

2087 1549 2178 1600 quia
2197 1549 2258 1587 hic
2278 1549 2319 1586 in
2337 1549 2425 1588 loco
2444 1548 2492 1588 de

2088 1610 2192 1642 serto
2212 1615 2345 1641 sumus

2088 1688 2189 1727 ¹3Ait
2209 1698 2337 1727 autem
2357 1689 2406 1728 ad
2425 1689 2510 1728 illos

2089 1744 2147 1782 ihs
2168 1744 2256 1782 date
2275 1744 2346 1782 illis
2365 1756 2437 1783 uos
2455 1748 2551 1782 ma*

2091 1799 2234 1837 ducare

2089 1852 2154 1890 Ad
2173 1852 2223 1890 illi
2242 1851 2419 1890 dixerunt
2438 1863 2520 1890 non

2089 1918 2176 1945 sum
2195 1906 2308 1944 nobis
2326 1906 2411 1955 plus
2430 1913 2537 1955 qua-

2089 1960 2261 2011 quinque
2278 1971 2400 2010 panes
2419 1967 2457 1997 et
2476 1960 2530 1997 du

2089 2027 2135 2054 os
2153 2015 2278 2065 pisces
2297 2014 2369 2052 nisi
2389 2013 2421 2052 si
2439 2025 2512 2052 nos

2305 2077 2340 2098 m

2089 2123 2224 2151 eamus
2243 2117 2281 2149 et
2299 2122 2434 2149 eamus
2453 2111 2493 2149 in

2089 2177 2250 2204 omnem
2269 2165 2367 2203 hanc
2387 2171 2447 2203 tur

2089 2221 2182 2258 bam
2201 2231 2309 2258 escas
2329 2219 2471 2256 ¹4erant
2491 2226 2585 2256 era-

2089 2274 2193 2312 enim
2212 2273 2283 2310 uiri
2303 2273 2380 2311 fere
2399 2274 2493 2324 quin

2089 2340 2165 2378 que
2185 2327 2290 2364 milia

2089 2381 2154 2419 Ait
2173 2387 2302 2419 autem
2321 2380 2370 2418 ad
2389 2380 2539 2430 discipu

2088 2435 2148 2474 lus
2167 2447 2258 2473 suos
2279 2434 2390 2473 facite
2409 2434 2495 2473 illos

2089 2490 2331 2528 discumbere
2351 2501 2420 2539 per
2438 2494 2518 2527 co-

2089 2543 2193 2581 uiuia
2211 2543 2509 2594 quinquagenos

2090 2598 2163 2635 ¹⁵et
2183 2598 2235 2635 ita
2254 2597 2426 2636 fecerunt
2445 2602 2483 2635 et
2502 2595 2561 2634 dis

2091 2652 2307 2690 cubuerunt
2326 2662 2464 2689 omnes

2091 2705 2306 2755 ¹⁶Adceptis
2324 2712 2453 2742 autem
2471 2702 2531 2740 ihs

2092 2760 2262 2810 quinque
2281 2758 2444 2808 panibus
2464 2763 2502 2795 et

2093 2814 2245 2852 duobus
2265 2812 2435 2862 piscibus
2455 2822 2516 2848 res

2092 2866 2198 2918 pexit
2217 2867 2256 2903 in
2276 2865 2402 2903 celum
2421 2866 2458 2902 e*-
2478 2865 2526 2902 be

2092 2920 2236 2958 nedixit
2255 2931 2372 2969 super
2391 2918 2475 2957 illos

2091 2980 2128 3012 et
2147 2973 2260 3024 fregit
2278 2980 2317 3011 et
2336 2972 2526 3011 distribuit
