<?xml version="1.0" encoding="UTF-8"?>
<!DOCTYPE html PUBLIC "-//W3C//DTD XHTML 1.0 Transitional//EN"
    "http://www.w3.org/TR/xhtml1/DTD/xhtml1-transitional.dtd">
<html xmlns="http://www.w3.org/1999/xhtml" xml:lang="en" lang="en">
 <head>
  <title>
</title>
<meta http-equiv="Content-Type" content="text/html;charset=utf-8" />
  <meta name='ocr-system' content='tesseract 3.04.00' />
  <meta name='ocr-capabilities' content='ocr_page ocr_carea ocr_par ocr_line ocrx_word'/>
</head>
<body>
  <div class='ocr_page' id='page_1' title='image "./fourgospelsfromc00bibluoft_0126.png"; bbox 0 0 2820 3334; ppageno 0'>
   <div class='ocr_carea' id='block_1_1' title="bbox 445 192 521 231">
    <p class='ocr_par' dir='ltr' id='par_1_1' title="bbox 445 192 521 231">
     <span class='ocr_line' id='line_1_1' title="bbox 445 192 521 231; baseline -0.013 0"><span class='ocrx_word' id='word_1_1' title='bbox 445 192 521 231; x_wconf 88' lang='lat'>108</span> 
     </span>
    </p>
   </div>
   <div class='ocr_carea' id='block_1_2' title="bbox 1044 189 1983 235">
    <p class='ocr_par' dir='ltr' id='par_1_2' title="bbox 1044 189 1983 235">
     <span class='ocr_line' id='line_1_2' title="bbox 1044 189 1983 235; baseline 0.006 -6"><span class='ocrx_word' id='word_1_2' title='bbox 1044 190 1119 229; x_wconf 84' lang='grc' dir='ltr'>ΡΑ</span> <span class='ocrx_word' id='word_1_3' title='bbox 1126 189 1504 231; x_wconf 82' lang='lat' dir='ltr'><em>LJMPSESTUS</em></span> <span class='ocrx_word' id='word_1_4' title='bbox 1537 191 1613 231; x_wconf 87' lang='lat' dir='ltr'>FL</span> <span class='ocrx_word' id='word_1_5' title='bbox 1621 192 1758 232; x_wconf 85' lang='lat' dir='ltr'><em>ORIA</em></span> <span class='ocrx_word' id='word_1_6' title='bbox 1769 193 1983 235; x_wconf 87' lang='lat' dir='ltr'><em>CENSIS</em></span> 
     </span>
    </p>
   </div>
   <div class='ocr_carea' id='block_1_3' title="bbox 495 360 1855 414">
    <p class='ocr_par' dir='ltr' id='par_1_3' title="bbox 495 360 1855 414">
     <span class='ocr_line' id='line_1_3' title="bbox 495 360 1855 414; baseline 0.004 -15"><span class='ocrx_word' id='word_1_7' title='bbox 495 360 606 400; x_wconf 92' lang='lat' dir='ltr'>Folio</span> <span class='ocrx_word' id='word_1_8' title='bbox 631 374 707 414; x_wconf 86' lang='lat'>130</span> <span class='ocrx_word' id='word_1_9' title='bbox 726 374 830 401; x_wconf 86' lang='lat' dir='ltr'>uerso</span> <span class='ocrx_word' id='word_1_10' title='bbox 1175 376 1426 404; x_wconf 80' lang='lat' dir='ltr'>APOCALYPSIS</span> <span class='ocrx_word' id='word_1_11' title='bbox 1455 377 1640 405; x_wconf 77' lang='lat' dir='ltr'>IOHANNIS</span> <span class='ocrx_word' id='word_1_12' title='bbox 1667 377 1855 406; x_wconf 74' lang='lat' dir='ltr'>APOSTOLI</span> 
     </span>
    </p>
   </div>
   <div class='ocr_carea' id='block_1_4' title="bbox 494 1928 707 1979">
    <p class='ocr_par' dir='ltr' id='par_1_4' title="bbox 494 1928 707 1979">
     <span class='ocr_line' id='line_1_4' title="bbox 494 1928 707 1979; baseline 0 -11"><span class='ocrx_word' id='word_1_13' title='bbox 494 1928 606 1968; x_wconf 90' lang='lat' dir='ltr'>Folio</span> <span class='ocrx_word' id='word_1_14' title='bbox 630 1941 707 1979; x_wconf 87' lang='lat'>130</span> 
     </span>
    </p>
   </div>
   <div class='ocr_carea' id='block_1_5' title="bbox 766 449 2220 1693">
    <p class='ocr_par' dir='ltr' id='par_1_5' title="bbox 818 449 2220 936">
     <span class='ocr_line' id='line_1_5' title="bbox 822 449 2112 504; baseline 0.003 -16"><span class='ocrx_word' id='word_1_15' title='bbox 822 449 950 500; x_wconf 90' lang='lat' dir='ltr'>Supra</span> <span class='ocrx_word' id='word_1_16' title='bbox 995 450 1141 489; x_wconf 92' lang='lat' dir='ltr'>nubem</span> <span class='ocrx_word' id='word_1_17' title='bbox 1187 451 1296 490; x_wconf 89' lang='lat' dir='ltr'>mitte</span> <span class='ocrx_word' id='word_1_18' title='bbox 1343 451 1482 490; x_wconf 88' lang='lat' dir='ltr'>falcem</span> <span class='ocrx_word' id='word_1_19' title='bbox 1527 458 1634 491; x_wconf 88' lang='lat' dir='ltr'>tuam</span> <span class='ocrx_word' id='word_1_20' title='bbox 1681 459 1719 491; x_wconf 93' lang='lat' dir='ltr'>et</span> <span class='ocrx_word' id='word_1_21' title='bbox 1757 459 1859 491; x_wconf 90' lang='lat' dir='ltr'>mete</span> <span class='ocrx_word' id='word_1_22' title='bbox 1906 466 1931 504; x_wconf 91' lang='lat' dir='ltr'>q</span> <span class='ocrx_word' id='word_1_23' title='bbox 1954 454 2112 492; x_wconf 89' lang='lat' dir='ltr'>uoniam</span> 
     </span>
     <span class='ocr_line' id='line_1_6' title="bbox 821 504 2167 557; baseline 0.004 -15"><span class='ocrx_word' id='word_1_24' title='bbox 821 505 927 542; x_wconf 92' lang='lat' dir='ltr'>uenit</span> <span class='ocrx_word' id='word_1_25' title='bbox 974 504 1071 543; x_wconf 86' lang='lat' dir='ltr'>hora</span> <span class='ocrx_word' id='word_1_26' title='bbox 1116 506 1289 544; x_wconf 91' lang='lat' dir='ltr'>metendi</span> <span class='ocrx_word' id='word_1_27' title='bbox 1336 507 1427 557; x_wconf 90' lang='lat' dir='ltr'>quia</span> <span class='ocrx_word' id='word_1_28' title='bbox 1474 507 1552 544; x_wconf 89' lang='lat' dir='ltr'>iam</span> <span class='ocrx_word' id='word_1_29' title='bbox 1600 506 1709 545; x_wconf 89' lang='lat' dir='ltr'>arida</span> <span class='ocrx_word' id='word_1_30' title='bbox 1745 514 1802 545; x_wconf 92' lang='lat' dir='ltr'>est</span> <span class='ocrx_word' id='word_1_31' title='bbox 1848 519 1931 545; x_wconf 90' lang='lat' dir='ltr'>mes</span> <span class='ocrx_word' id='word_1_32' title='bbox 1955 508 2007 546; x_wconf 89' lang='lat' dir='ltr'>sis</span> <span class='ocrx_word' id='word_1_33' title='bbox 2045 515 2167 547; x_wconf 88' lang='lat' dir='ltr'>terrae</span> 
     </span>
     <span class='ocr_line' id='line_1_7' title="bbox 819 559 2220 611; baseline 0.004 -15"><span class='ocrx_word' id='word_1_34' title='bbox 819 559 849 581; x_wconf 85' lang='lat'>¹⁶</span> <span class='ocrx_word' id='word_1_35' title='bbox 863 564 902 597; x_wconf 92' lang='lat' dir='ltr'>et</span> <span class='ocrx_word' id='word_1_36' title='bbox 937 559 1041 597; x_wconf 91' lang='lat' dir='ltr'>misit</span> <span class='ocrx_word' id='word_1_37' title='bbox 1074 559 1136 598; x_wconf 87' lang='lat' dir='ltr'>ille</span> <span class='ocrx_word' id='word_1_38' title='bbox 1177 559 1316 599; x_wconf 89' lang='lat' dir='ltr'>sedens</span> <span class='ocrx_word' id='word_1_39' title='bbox 1353 572 1469 611; x_wconf 90' lang='lat' dir='ltr'>super</span> <span class='ocrx_word' id='word_1_40' title='bbox 1505 561 1652 599; x_wconf 90' lang='lat' dir='ltr'>nubem</span> <span class='ocrx_word' id='word_1_41' title='bbox 1701 561 1839 600; x_wconf 88' lang='lat' dir='ltr'>falcem</span> <span class='ocrx_word' id='word_1_42' title='bbox 1884 573 1928 599; x_wconf 89' lang='lat' dir='ltr'>su</span> <span class='ocrx_word' id='word_1_43' title='bbox 1950 573 2015 600; x_wconf 92' lang='lat' dir='ltr'>am</span> <span class='ocrx_word' id='word_1_44' title='bbox 2052 562 2092 600; x_wconf 90' lang='lat' dir='ltr'>in</span> <span class='ocrx_word' id='word_1_45' title='bbox 2122 567 2220 601; x_wconf 70' lang='lat' dir='ltr'>terra</span> 
     </span>
     <span class='ocr_line' id='line_1_8' title="bbox 819 612 2175 666; baseline 0.003 -15"><span class='ocrx_word' id='word_1_46' title='bbox 819 619 857 651; x_wconf 91' lang='lat' dir='ltr'>et</span> <span class='ocrx_word' id='word_1_47' title='bbox 872 612 1073 651; x_wconf 90' lang='lat' dir='ltr'>demessus</span> <span class='ocrx_word' id='word_1_48' title='bbox 1086 620 1144 652; x_wconf 92' lang='lat' dir='ltr'>est</span> <span class='ocrx_word' id='word_1_49' title='bbox 1158 619 1298 653; x_wconf 91' lang='lat' dir='ltr'>terram</span> <span class='ocrx_word' id='word_1_50' title='bbox 1514 615 1543 636; x_wconf 83' lang='lat'>¹⁷</span> <span class='ocrx_word' id='word_1_51' title='bbox 1559 621 1597 653; x_wconf 91' lang='lat' dir='ltr'>et</span> <span class='ocrx_word' id='word_1_52' title='bbox 1616 615 1713 654; x_wconf 87' lang='lat' dir='ltr'>alius</span> <span class='ocrx_word' id='word_1_53' title='bbox 1731 615 1891 666; x_wconf 87' lang='lat' dir='ltr'>angelus</span> <span class='ocrx_word' id='word_1_54' title='bbox 1911 628 1930 653; x_wconf 88' lang='lat' dir='ltr'>e</span> <span class='ocrx_word' id='word_1_55' title='bbox 1952 616 2050 654; x_wconf 82' lang='lat' dir='ltr'>xiuit</span> <span class='ocrx_word' id='word_1_56' title='bbox 2069 616 2117 655; x_wconf 91' lang='lat' dir='ltr'>de</span> <span class='ocrx_word' id='word_1_57' title='bbox 2137 622 2175 655; x_wconf 76' lang='lat' dir='ltr'>te</span> 
     </span>
     <span class='ocr_line' id='line_1_9' title="bbox 818 666 2194 719; baseline 0.003 -14"><span class='ocrx_word' id='word_1_58' title='bbox 818 666 885 718; x_wconf 92' lang='lat' dir='ltr'>plo</span> <span class='ocrx_word' id='word_1_59' title='bbox 919 667 1026 718; x_wconf 93' lang='lat' dir='ltr'>quod</span> <span class='ocrx_word' id='word_1_60' title='bbox 1055 673 1114 706; x_wconf 86' lang='lat' dir='ltr'>est</span> <span class='ocrx_word' id='word_1_61' title='bbox 1151 667 1191 705; x_wconf 90' lang='lat' dir='ltr'>in</span> <span class='ocrx_word' id='word_1_62' title='bbox 1225 668 1335 707; x_wconf 90' lang='lat' dir='ltr'>caelo</span> <span class='ocrx_word' id='word_1_63' title='bbox 1367 674 1404 707; x_wconf 92' lang='lat' dir='ltr'>et</span> <span class='ocrx_word' id='word_1_64' title='bbox 1441 669 1524 719; x_wconf 90' lang='lat' dir='ltr'>ipse</span> <span class='ocrx_word' id='word_1_65' title='bbox 1557 669 1704 708; x_wconf 92' lang='lat' dir='ltr'>habens</span> <span class='ocrx_word' id='word_1_66' title='bbox 1737 669 1877 708; x_wconf 87' lang='lat' dir='ltr'>falcem</span> <span class='ocrx_word' id='word_1_67' title='bbox 1907 681 1929 707; x_wconf 91' lang='lat' dir='ltr'>a</span> <span class='ocrx_word' id='word_1_68' title='bbox 1951 676 2079 708; x_wconf 90' lang='lat' dir='ltr'>cutam</span> <span class='ocrx_word' id='word_1_69' title='bbox 2115 670 2144 692; x_wconf 85' lang='lat'>¹⁸</span> <span class='ocrx_word' id='word_1_70' title='bbox 2156 677 2194 709; x_wconf 92' lang='lat' dir='ltr'>et</span> 
     </span>
     <span class='ocr_line' id='line_1_10' title="bbox 821 721 2174 774; baseline 0.002 -15"><span class='ocrx_word' id='word_1_71' title='bbox 821 721 918 760; x_wconf 88' lang='lat' dir='ltr'>alius</span> <span class='ocrx_word' id='word_1_72' title='bbox 954 721 1118 771; x_wconf 87' lang='lat' dir='ltr'>angelus</span> <span class='ocrx_word' id='word_1_73' title='bbox 1163 722 1282 761; x_wconf 89' lang='lat' dir='ltr'>exiuit</span> <span class='ocrx_word' id='word_1_74' title='bbox 1330 722 1380 761; x_wconf 91' lang='lat' dir='ltr'>de</span> <span class='ocrx_word' id='word_1_75' title='bbox 1422 735 1489 761; x_wconf 89' lang='lat' dir='ltr'>ara</span> <span class='ocrx_word' id='word_1_76' title='bbox 1536 723 1598 762; x_wconf 71' lang='lat' dir='ltr'>dei</span> <span class='ocrx_word' id='word_1_77' title='bbox 1643 724 1793 762; x_wconf 89' lang='lat' dir='ltr'>habens</span> <span class='ocrx_word' id='word_1_78' title='bbox 1838 730 1928 774; x_wconf 91' lang='lat' dir='ltr'>pote</span> <span class='ocrx_word' id='word_1_79' title='bbox 1952 729 2091 762; x_wconf 88' lang='lat' dir='ltr'>statem</span> <span class='ocrx_word' id='word_1_80' title='bbox 2129 736 2174 763; x_wconf 92' lang='lat' dir='ltr'>su</span> 
     </span>
     <span class='ocr_line' id='line_1_11' title="bbox 818 775 2099 828; baseline 0.003 -15"><span class='ocrx_word' id='word_1_81' title='bbox 818 788 888 826; x_wconf 87' lang='lat' dir='ltr'>per</span> <span class='ocrx_word' id='word_1_82' title='bbox 915 775 1048 825; x_wconf 85' lang='lat' dir='ltr'><strong>ignem</strong></span> <span class='ocrx_word' id='word_1_83' title='bbox 1083 782 1121 814; x_wconf 92' lang='lat' dir='ltr'>et</span> <span class='ocrx_word' id='word_1_84' title='bbox 1147 776 1327 815; x_wconf 88' lang='lat' dir='ltr'>clamabit</span> <span class='ocrx_word' id='word_1_85' title='bbox 1359 788 1457 816; x_wconf 89' lang='lat' dir='ltr'>uoce</span> <span class='ocrx_word' id='word_1_86' title='bbox 1487 789 1632 827; x_wconf 88' lang='lat' dir='ltr'>magna</span> <span class='ocrx_word' id='word_1_87' title='bbox 1663 778 1710 815; x_wconf 80' lang='lat' dir='ltr'>ad</span> <span class='ocrx_word' id='word_1_88' title='bbox 1737 778 1843 815; x_wconf 93' lang='lat' dir='ltr'>illum</span> <span class='ocrx_word' id='word_1_89' title='bbox 1875 778 1962 828; x_wconf 90' lang='lat' dir='ltr'>qui</span> <span class='ocrx_word' id='word_1_90' title='bbox 2000 778 2099 817; x_wconf 86' lang='lat' dir='ltr'>habe</span> 
     </span>
     <span class='ocr_line' id='line_1_12' title="bbox 819 830 2162 871; baseline 0.002 -3"><span class='ocrx_word' id='word_1_91' title='bbox 819 831 886 868; x_wconf 89' lang='lat' dir='ltr'>bat</span> <span class='ocrx_word' id='word_1_92' title='bbox 917 830 1057 868; x_wconf 86' lang='lat' dir='ltr'>falcem</span> <span class='ocrx_word' id='word_1_93' title='bbox 1087 836 1240 868; x_wconf 85' lang='lat' dir='ltr'>acutam</span> <span class='ocrx_word' id='word_1_94' title='bbox 1274 830 1408 868; x_wconf 90' lang='lat' dir='ltr'>dicens</span> <span class='ocrx_word' id='word_1_95' title='bbox 1627 832 1735 870; x_wconf 92' lang='lat' dir='ltr'>mitte</span> <span class='ocrx_word' id='word_1_96' title='bbox 1764 831 1903 870; x_wconf 88' lang='lat' dir='ltr'>falcem</span> <span class='ocrx_word' id='word_1_97' title='bbox 1953 839 2059 870; x_wconf 87' lang='lat' dir='ltr'>tuam</span> <span class='ocrx_word' id='word_1_98' title='bbox 2089 845 2162 871; x_wconf 89' lang='lat' dir='ltr'>acu</span> 
     </span>
     <span class='ocr_line' id='line_1_13' title="bbox 819 883 2135 936; baseline 0.003 -15"><span class='ocrx_word' id='word_1_99' title='bbox 819 890 899 921; x_wconf 84' lang='lat' dir='ltr'>tarn</span> <span class='ocrx_word' id='word_1_100' title='bbox 946 890 983 922; x_wconf 91' lang='lat' dir='ltr'>et</span> <span class='ocrx_word' id='word_1_101' title='bbox 1037 883 1234 922; x_wconf 87' lang='lat' dir='ltr'>uindemia</span> <span class='ocrx_word' id='word_1_102' title='bbox 1287 890 1448 923; x_wconf 87' lang='lat' dir='ltr'>uotroos</span> <span class='ocrx_word' id='word_1_103' title='bbox 1504 885 1705 923; x_wconf 89' lang='lat' dir='ltr'>uinearum</span> <span class='ocrx_word' id='word_1_104' title='bbox 1751 892 1874 924; x_wconf 89' lang='lat' dir='ltr'>terrae</span> <span class='ocrx_word' id='word_1_105' title='bbox 1950 887 2135 936; x_wconf 88' lang='lat' dir='ltr'>quoniam</span> 
     </span>
    </p>

    <p class='ocr_par' dir='ltr' id='par_1_6' title="bbox 767 936 2185 1476">
     <span class='ocr_line' id='line_1_14' title="bbox 767 936 2130 990; baseline 0.003 -16"><span class='ocrx_word' id='word_1_106' title='bbox 767 951 808 975; x_wconf 91' lang='lat'>10</span> <span class='ocrx_word' id='word_1_107' title='bbox 819 937 971 976; x_wconf 89' lang='lat' dir='ltr'>adultae</span> <span class='ocrx_word' id='word_1_108' title='bbox 994 936 1119 976; x_wconf 89' lang='lat' dir='ltr'>factae</span> <span class='ocrx_word' id='word_1_109' title='bbox 1140 946 1229 976; x_wconf 93' lang='lat' dir='ltr'>sunt</span> <span class='ocrx_word' id='word_1_110' title='bbox 1248 949 1325 976; x_wconf 89' lang='lat' dir='ltr'>uua</span> <span class='ocrx_word' id='word_1_111' title='bbox 1343 938 1438 976; x_wconf 90' lang='lat' dir='ltr'>eius·</span> <span class='ocrx_word' id='word_1_112' title='bbox 1659 939 1685 960; x_wconf 85' lang='lat'>¹⁹</span> <span class='ocrx_word' id='word_1_113' title='bbox 1699 946 1738 977; x_wconf 89' lang='lat' dir='ltr'>et</span> <span class='ocrx_word' id='word_1_114' title='bbox 1756 940 1859 978; x_wconf 88' lang='lat' dir='ltr'>misit</span> <span class='ocrx_word' id='word_1_115' title='bbox 1878 951 1927 977; x_wconf 90' lang='lat' dir='ltr'>an</span> <span class='ocrx_word' id='word_1_116' title='bbox 1950 940 2059 990; x_wconf 88' lang='lat' dir='ltr'>gelus</span> <span class='ocrx_word' id='word_1_117' title='bbox 2078 940 2130 979; x_wconf 90' lang='lat' dir='ltr'>fal</span> 
     </span>
     <span class='ocr_line' id='line_1_15' title="bbox 817 991 2070 1033; baseline 0.002 -3"><span class='ocrx_word' id='word_1_118' title='bbox 817 1004 904 1030; x_wconf 91' lang='lat' dir='ltr'>cern</span> <span class='ocrx_word' id='word_1_119' title='bbox 943 1003 1055 1030; x_wconf 91' lang='lat' dir='ltr'>suam</span> <span class='ocrx_word' id='word_1_120' title='bbox 1092 991 1132 1029; x_wconf 92' lang='lat' dir='ltr'>in</span> <span class='ocrx_word' id='word_1_121' title='bbox 1169 999 1312 1030; x_wconf 85' lang='lat' dir='ltr'>terram</span> <span class='ocrx_word' id='word_1_122' title='bbox 1350 999 1388 1030; x_wconf 92' lang='lat' dir='ltr'>et</span> <span class='ocrx_word' id='word_1_123' title='bbox 1435 991 1687 1031; x_wconf 86' lang='lat' dir='ltr'>uindemiauit</span> <span class='ocrx_word' id='word_1_124' title='bbox 1732 993 1888 1032; x_wconf 89' lang='lat' dir='ltr'>uineam</span> <span class='ocrx_word' id='word_1_125' title='bbox 1947 1000 2070 1033; x_wconf 88' lang='lat' dir='ltr'>terrae</span> 
     </span>
     <span class='ocr_line' id='line_1_16' title="bbox 820 1045 2125 1097; baseline 0.003 -14"><span class='ocrx_word' id='word_1_126' title='bbox 820 1053 858 1084; x_wconf 89' lang='lat' dir='ltr'>et</span> <span class='ocrx_word' id='word_1_127' title='bbox 886 1045 988 1083; x_wconf 87' lang='lat' dir='ltr'>misit</span> <span class='ocrx_word' id='word_1_128' title='bbox 1018 1046 1058 1083; x_wconf 92' lang='lat' dir='ltr'>in</span> <span class='ocrx_word' id='word_1_129' title='bbox 1086 1045 1251 1084; x_wconf 86' lang='lat' dir='ltr'><strong>torcular</strong></span> <span class='ocrx_word' id='word_1_130' title='bbox 1279 1047 1356 1084; x_wconf 87' lang='lat' dir='ltr'>irae</span> <span class='ocrx_word' id='word_1_131' title='bbox 1384 1045 1424 1083; x_wconf 81' lang='lat' dir='ltr'>di</span> <span class='ocrx_word' id='word_1_132' title='bbox 1462 1058 1651 1097; x_wconf 89' lang='lat' dir='ltr'>magnum</span> <span class='ocrx_word' id='word_1_133' title='bbox 1688 1047 1718 1069; x_wconf 85' lang='lat'>²⁰</span> <span class='ocrx_word' id='word_1_134' title='bbox 1729 1054 1767 1086; x_wconf 94' lang='lat' dir='ltr'>et</span> <span class='ocrx_word' id='word_1_135' title='bbox 1805 1048 1922 1086; x_wconf 90' lang='lat' dir='ltr'>calcia</span> <span class='ocrx_word' id='word_1_136' title='bbox 1946 1054 2027 1086; x_wconf 87' lang='lat' dir='ltr'>tum</span> <span class='ocrx_word' id='word_1_137' title='bbox 2066 1055 2125 1088; x_wconf 90' lang='lat' dir='ltr'>est</span> 
     </span>
     <span class='ocr_line' id='line_1_17' title="bbox 820 1100 2177 1154; baseline 0.003 -17"><span class='ocrx_word' id='word_1_138' title='bbox 820 1100 861 1138; x_wconf 92' lang='lat' dir='ltr'>in</span> <span class='ocrx_word' id='word_1_139' title='bbox 916 1100 1094 1138; x_wconf 89' lang='lat' dir='ltr'>torculari</span> <span class='ocrx_word' id='word_1_140' title='bbox 1149 1106 1260 1138; x_wconf 87' lang='lat' dir='ltr'>extra</span> <span class='ocrx_word' id='word_1_141' title='bbox 1316 1100 1512 1139; x_wconf 90' lang='lat' dir='ltr'>ciuitatem</span> <span class='ocrx_word' id='word_1_142' title='bbox 1567 1107 1605 1140; x_wconf 92' lang='lat' dir='ltr'>et</span> <span class='ocrx_word' id='word_1_143' title='bbox 1660 1102 1834 1141; x_wconf 89' lang='lat' dir='ltr'>manauit</span> <span class='ocrx_word' id='word_1_144' title='bbox 1885 1102 1925 1139; x_wconf 89' lang='lat' dir='ltr'>in</span> <span class='ocrx_word' id='word_1_145' title='bbox 1949 1102 1997 1140; x_wconf 94' lang='lat' dir='ltr'>de</span> <span class='ocrx_word' id='word_1_146' title='bbox 2018 1103 2177 1154; x_wconf 89' lang='lat' dir='ltr'>sanguis</span> 
     </span>
     <span class='ocr_line' id='line_1_18' title="bbox 818 1153 2185 1206; baseline 0.004 -15"><span class='ocrx_word' id='word_1_147' title='bbox 818 1160 962 1205; x_wconf 89' lang='lat' dir='ltr'>utquae</span> <span class='ocrx_word' id='word_1_148' title='bbox 995 1153 1046 1192; x_wconf 93' lang='lat' dir='ltr'>ad</span> <span class='ocrx_word' id='word_1_149' title='bbox 1078 1154 1191 1193; x_wconf 86' lang='lat' dir='ltr'>senos</span> <span class='ocrx_word' id='word_1_150' title='bbox 1221 1167 1356 1193; x_wconf 90' lang='lat' dir='ltr'>eorum</span> <span class='ocrx_word' id='word_1_151' title='bbox 1389 1166 1459 1205; x_wconf 90' lang='lat' dir='ltr'>per</span> <span class='ocrx_word' id='word_1_152' title='bbox 1497 1155 1780 1195; x_wconf 88' lang='lat' dir='ltr'>istadio·m·d·c·</span> <span class='ocrx_word' id='word_1_153' title='bbox 1952 1167 1997 1206; x_wconf 89' lang='lat'>15</span> <span class='ocrx_word' id='word_1_154' title='bbox 2022 1155 2089 1196; x_wconf 81' lang='lat' dir='ltr'>let</span> <span class='ocrx_word' id='word_1_155' title='bbox 2106 1157 2185 1196; x_wconf 88' lang='lat' dir='ltr'>uidi</span> 
     </span>
     <span class='ocr_line' id='line_1_19' title="bbox 820 1208 2141 1261; baseline 0.003 -16"><span class='ocrx_word' id='word_1_156' title='bbox 820 1208 937 1246; x_wconf 88' lang='lat' dir='ltr'>alium</span> <span class='ocrx_word' id='word_1_157' title='bbox 985 1208 1140 1258; x_wconf 91' lang='lat' dir='ltr'>signum</span> <span class='ocrx_word' id='word_1_158' title='bbox 1182 1208 1223 1246; x_wconf 91' lang='lat' dir='ltr'>in</span> <span class='ocrx_word' id='word_1_159' title='bbox 1270 1209 1380 1247; x_wconf 91' lang='lat' dir='ltr'>caelo</span> <span class='ocrx_word' id='word_1_160' title='bbox 1437 1221 1626 1259; x_wconf 90' lang='lat' dir='ltr'>magnum</span> <span class='ocrx_word' id='word_1_161' title='bbox 1680 1216 1718 1249; x_wconf 92' lang='lat' dir='ltr'>et</span> <span class='ocrx_word' id='word_1_162' title='bbox 1774 1210 1925 1248; x_wconf 88' lang='lat' dir='ltr'>mirabil</span> <span class='ocrx_word' id='word_1_163' title='bbox 1950 1218 2141 1261; x_wconf 91' lang='lat' dir='ltr'>eseptem</span> 
     </span>
     <span class='ocr_line' id='line_1_20' title="bbox 821 1262 2151 1314; baseline 0.003 -14"><span class='ocrx_word' id='word_1_164' title='bbox 821 1262 981 1312; x_wconf 89' lang='lat' dir='ltr'>angelos</span> <span class='ocrx_word' id='word_1_165' title='bbox 1038 1269 1184 1301; x_wconf 87' lang='lat' dir='ltr'>stantes</span> <span class='ocrx_word' id='word_1_166' title='bbox 1238 1262 1426 1302; x_wconf 88' lang='lat' dir='ltr'>habentes</span> <span class='ocrx_word' id='word_1_167' title='bbox 1485 1263 1620 1314; x_wconf 84' lang='lat' dir='ltr'>plagas</span> <span class='ocrx_word' id='word_1_168' title='bbox 1681 1270 1832 1314; x_wconf 91' lang='lat' dir='ltr'>septem</span> <span class='ocrx_word' id='word_1_169' title='bbox 1888 1264 1925 1302; x_wconf 89' lang='lat' dir='ltr'>ill</span> <span class='ocrx_word' id='word_1_170' title='bbox 1949 1276 1991 1303; x_wconf 88' lang='lat' dir='ltr'>as</span> <span class='ocrx_word' id='word_1_171' title='bbox 2037 1266 2151 1304; x_wconf 89' lang='lat' dir='ltr'>nouis</span> 
     </span>
     <span class='ocr_line' id='line_1_21' title="bbox 819 1316 1960 1366; baseline 0.002 -12"><span class='ocrx_word' id='word_1_172' title='bbox 819 1317 937 1355; x_wconf 90' lang='lat' dir='ltr'>simas</span> <span class='ocrx_word' id='word_1_173' title='bbox 982 1317 1169 1366; x_wconf 87' lang='lat' dir='ltr'>quoniam</span> <span class='ocrx_word' id='word_1_174' title='bbox 1215 1316 1256 1355; x_wconf 90' lang='lat' dir='ltr'>in</span> <span class='ocrx_word' id='word_1_175' title='bbox 1293 1317 1365 1355; x_wconf 92' lang='lat' dir='ltr'>illis</span> <span class='ocrx_word' id='word_1_176' title='bbox 1402 1324 1674 1356; x_wconf 88' lang='lat' dir='ltr'>consummata</span> <span class='ocrx_word' id='word_1_177' title='bbox 1711 1325 1769 1356; x_wconf 91' lang='lat' dir='ltr'>est</span> <span class='ocrx_word' id='word_1_178' title='bbox 1807 1319 1862 1356; x_wconf 87' lang='lat' dir='ltr'>ira</span> <span class='ocrx_word' id='word_1_179' title='bbox 1899 1318 1960 1355; x_wconf 82' lang='lat' dir='ltr'>di</span> 
     </span>
     <span class='ocr_line' id='line_1_22' title="bbox 818 1369 2064 1422; baseline 0.002 -14"><span class='ocrx_word' id='word_1_180' title='bbox 818 1369 896 1408; x_wconf 59' lang='grc' dir='ltr'>Ἐἰ</span> <span class='ocrx_word' id='word_1_181' title='bbox 921 1370 1000 1409; x_wconf 91' lang='lat' dir='ltr'>uidi</span> <span class='ocrx_word' id='word_1_182' title='bbox 1025 1371 1131 1409; x_wconf 91' lang='lat' dir='ltr'>uelut</span> <span class='ocrx_word' id='word_1_183' title='bbox 1160 1383 1266 1409; x_wconf 90' lang='lat' dir='ltr'>mare</span> <span class='ocrx_word' id='word_1_184' title='bbox 1297 1372 1462 1409; x_wconf 84' lang='lat' dir='ltr'>uitreum</span> <span class='ocrx_word' id='word_1_185' title='bbox 1491 1371 1570 1421; x_wconf 87' lang='lat' dir='ltr'>igni</span> <span class='ocrx_word' id='word_1_186' title='bbox 1599 1372 1832 1422; x_wconf 89' lang='lat' dir='ltr'>permixtum</span> <span class='ocrx_word' id='word_1_187' title='bbox 1860 1378 1897 1410; x_wconf 90' lang='lat' dir='ltr'>et</span> <span class='ocrx_word' id='word_1_188' title='bbox 1947 1384 2064 1422; x_wconf 88' lang='lat' dir='ltr'>super</span> 
     </span>
     <span class='ocr_line' id='line_1_23' title="bbox 821 1425 2085 1476; baseline 0.002 -13"><span class='ocrx_word' id='word_1_189' title='bbox 821 1437 928 1463; x_wconf 90' lang='lat' dir='ltr'>mare</span> <span class='ocrx_word' id='word_1_190' title='bbox 963 1431 1109 1464; x_wconf 90' lang='lat' dir='ltr'>stantes</span> <span class='ocrx_word' id='word_1_191' title='bbox 1143 1425 1223 1463; x_wconf 92' lang='lat' dir='ltr'>uidi</span> <span class='ocrx_word' id='word_1_192' title='bbox 1259 1437 1328 1464; x_wconf 89' lang='lat' dir='ltr'>eos</span> <span class='ocrx_word' id='word_1_193' title='bbox 1366 1425 1432 1475; x_wconf 90' lang='lat' dir='ltr'>qui</span> <span class='ocrx_word' id='word_1_194' title='bbox 1471 1425 1519 1463; x_wconf 91' lang='lat' dir='ltr'>de</span> <span class='ocrx_word' id='word_1_195' title='bbox 1550 1426 1674 1464; x_wconf 90' lang='lat' dir='ltr'>bestia</span> <span class='ocrx_word' id='word_1_196' title='bbox 1710 1432 1749 1464; x_wconf 90' lang='lat' dir='ltr'>et</span> <span class='ocrx_word' id='word_1_197' title='bbox 1781 1426 1927 1476; x_wconf 87' lang='lat' dir='ltr'>imagin</span> <span class='ocrx_word' id='word_1_198' title='bbox 1948 1438 1969 1464; x_wconf 91' lang='lat' dir='ltr'>e</span> <span class='ocrx_word' id='word_1_199' title='bbox 2003 1427 2085 1465; x_wconf 90' lang='lat' dir='ltr'>eius</span> 
     </span>
    </p>

    <p class='ocr_par' dir='ltr' id='par_1_7' title="bbox 766 1479 2173 1693">
     <span class='ocr_line' id='line_1_24' title="bbox 766 1479 2032 1518; baseline 0.001 -1"><span class='ocrx_word' id='word_1_200' title='bbox 766 1494 808 1517; x_wconf 85' lang='lat'>20</span> <span class='ocrx_word' id='word_1_201' title='bbox 822 1479 1024 1518; x_wconf 89' lang='lat' dir='ltr'>uictoriam</span> <span class='ocrx_word' id='word_1_202' title='bbox 1070 1479 1196 1517; x_wconf 88' lang='lat' dir='ltr'>ferent</span> <span class='ocrx_word' id='word_1_203' title='bbox 1243 1479 1431 1518; x_wconf 89' lang='lat' dir='ltr'>habentes</span> <span class='ocrx_word' id='word_1_204' title='bbox 1477 1479 1641 1518; x_wconf 85' lang='lat' dir='ltr'>chitaras</span> <span class='ocrx_word' id='word_1_205' title='bbox 1698 1480 1765 1518; x_wconf 77' lang='lat' dir='ltr'>³et</span> <span class='ocrx_word' id='word_1_206' title='bbox 1811 1486 1923 1518; x_wconf 89' lang='lat' dir='ltr'>canta</span> <span class='ocrx_word' id='word_1_207' title='bbox 1945 1486 2032 1518; x_wconf 90' lang='lat' dir='ltr'>ntes</span> 
     </span>
     <span class='ocr_line' id='line_1_25' title="bbox 818 1533 2077 1584; baseline 0 -12"><span class='ocrx_word' id='word_1_208' title='bbox 818 1534 1014 1572; x_wconf 89' lang='lat' dir='ltr'>canticum</span> <span class='ocrx_word' id='word_1_209' title='bbox 1060 1533 1187 1583; x_wconf 91' lang='lat' dir='ltr'>moysi</span> <span class='ocrx_word' id='word_1_210' title='bbox 1225 1534 1325 1572; x_wconf 91' lang='lat' dir='ltr'>serui</span> <span class='ocrx_word' id='word_1_211' title='bbox 1363 1533 1403 1571; x_wconf 79' lang='lat' dir='ltr'>di</span> <span class='ocrx_word' id='word_1_212' title='bbox 1442 1539 1480 1572; x_wconf 92' lang='lat' dir='ltr'>et</span> <span class='ocrx_word' id='word_1_213' title='bbox 1523 1534 1719 1572; x_wconf 89' lang='lat' dir='ltr'>canticum</span> <span class='ocrx_word' id='word_1_214' title='bbox 1757 1534 1848 1584; x_wconf 87' lang='lat' dir='ltr'>agni</span> <span class='ocrx_word' id='word_1_215' title='bbox 1886 1534 1924 1572; x_wconf 88' lang='lat' dir='ltr'>di</span> <span class='ocrx_word' id='word_1_216' title='bbox 1946 1541 2077 1573; x_wconf 89' lang='lat' dir='ltr'>centes</span> 
     </span>
     <span class='ocr_line' id='line_1_26' title="bbox 819 1587 2130 1639; baseline 0.002 -14"><span class='ocrx_word' id='word_1_217' title='bbox 819 1600 963 1637; x_wconf 89' lang='lat' dir='ltr'>magna</span> <span class='ocrx_word' id='word_1_218' title='bbox 1000 1594 1038 1626; x_wconf 92' lang='lat' dir='ltr'>et</span> <span class='ocrx_word' id='word_1_219' title='bbox 1076 1587 1264 1626; x_wconf 90' lang='lat' dir='ltr'>mirabilia</span> <span class='ocrx_word' id='word_1_220' title='bbox 1302 1600 1422 1638; x_wconf 90' lang='lat' dir='ltr'>opera</span> <span class='ocrx_word' id='word_1_221' title='bbox 1459 1594 1524 1626; x_wconf 88' lang='lat' dir='ltr'>tua</span> <span class='ocrx_word' id='word_1_222' title='bbox 1557 1587 1634 1626; x_wconf 76' lang='lat' dir='ltr'>dfie</span> <span class='ocrx_word' id='word_1_223' title='bbox 1671 1587 1719 1626; x_wconf 80' lang='lat' dir='ltr'>ds</span> <span class='ocrx_word' id='word_1_224' title='bbox 1763 1588 1926 1639; x_wconf 90' lang='lat' dir='ltr'>omnipo</span> <span class='ocrx_word' id='word_1_225' title='bbox 1949 1595 2033 1626; x_wconf 89' lang='lat' dir='ltr'>tens</span> <span class='ocrx_word' id='word_1_226' title='bbox 2071 1589 2130 1628; x_wconf 91' lang='lat' dir='ltr'>ius</span> 
     </span>
     <span class='ocr_line' id='line_1_27' title="bbox 820 1641 2173 1693; baseline 0.001 -13"><span class='ocrx_word' id='word_1_227' title='bbox 820 1649 882 1680; x_wconf 91' lang='lat' dir='ltr'>tae</span> <span class='ocrx_word' id='word_1_228' title='bbox 901 1648 939 1680; x_wconf 90' lang='lat' dir='ltr'>et</span> <span class='ocrx_word' id='word_1_229' title='bbox 958 1654 1074 1681; x_wconf 86' lang='lat' dir='ltr'>uerae</span> <span class='ocrx_word' id='word_1_230' title='bbox 1094 1641 1182 1681; x_wconf 92' lang='lat' dir='ltr'>uiae</span> <span class='ocrx_word' id='word_1_231' title='bbox 1202 1648 1290 1680; x_wconf 90' lang='lat' dir='ltr'>tuae</span> <span class='ocrx_word' id='word_1_232' title='bbox 1316 1649 1359 1680; x_wconf 92' lang='lat' dir='ltr'>tu</span> <span class='ocrx_word' id='word_1_233' title='bbox 1378 1654 1420 1681; x_wconf 90' lang='lat' dir='ltr'>es</span> <span class='ocrx_word' id='word_1_234' title='bbox 1439 1654 1507 1679; x_wconf 85' lang='lat' dir='ltr'>rex</span> <span class='ocrx_word' id='word_1_235' title='bbox 1527 1642 1704 1681; x_wconf 91' lang='lat' dir='ltr'>omnium</span> <span class='ocrx_word' id='word_1_236' title='bbox 1723 1643 1897 1693; x_wconf 90' lang='lat' dir='ltr'>gentium</span> <span class='ocrx_word' id='word_1_237' title='bbox 1946 1643 1959 1663; x_wconf 80' lang='lat'><strong>⁴</strong></span> <span class='ocrx_word' id='word_1_238' title='bbox 1975 1643 2059 1693; x_wconf 90' lang='lat' dir='ltr'>quis</span> <span class='ocrx_word' id='word_1_239' title='bbox 2092 1656 2173 1683; x_wconf 92' lang='lat' dir='ltr'>non</span> 
     </span>
    </p>
   </div>
   <div class='ocr_carea' id='block_1_6' title="bbox 747 1743 2257 1791">
    <p class='ocr_par' dir='ltr' id='par_1_8' title="bbox 747 1743 2257 1791">
     <span class='ocr_line' id='line_1_28' title="bbox 747 1743 2257 1791; baseline 0.003 -15"><span class='ocrx_word' id='word_1_240' title='bbox 747 1746 855 1777; x_wconf 84' lang='lat' dir='ltr'>XIV.</span> <span class='ocrx_word' id='word_1_241' title='bbox 879 1745 1031 1778; x_wconf 80' lang='lat' dir='ltr'>15-XV.</span> <span class='ocrx_word' id='word_1_242' title='bbox 1053 1746 1098 1776; x_wconf 83' lang='lat'>4:</span> <span class='ocrx_word' id='word_1_243' title='bbox 1123 1743 1147 1776; x_wconf 93' lang='lat'>1.</span> <span class='ocrx_word' id='word_1_244' title='bbox 1169 1753 1197 1777; x_wconf 91' lang='lat'>1.</span> <span class='ocrx_word' id='word_1_245' title='bbox 1213 1743 1253 1776; x_wconf 73' lang='lat' dir='ltr'>h·</span> <span class='ocrx_word' id='word_1_246' title='bbox 1267 1754 1372 1788; x_wconf 88' lang='lat' dir='ltr'>super.</span> <span class='ocrx_word' id='word_1_247' title='bbox 1557 1754 1609 1786; x_wconf 88' lang='lat'>14.</span> <span class='ocrx_word' id='word_1_248' title='bbox 1625 1743 1666 1776; x_wconf 83' lang='grc' dir='ltr'>Ιι*</span> <span class='ocrx_word' id='word_1_249' title='bbox 1683 1754 1815 1788; x_wconf 84' lang='lat' dir='ltr'>usquae.</span> <span class='ocrx_word' id='word_1_250' title='bbox 1907 1744 1950 1777; x_wconf 67' lang='lat'>12⁵</span> <span class='ocrx_word' id='word_1_251' title='bbox 1965 1745 2074 1779; x_wconf 84' lang='lat' dir='ltr'>frenos</span> <span class='ocrx_word' id='word_1_252' title='bbox 2088 1757 2257 1791; x_wconf 84' lang='lat' dir='ltr'>equorum.</span> 
     </span>
    </p>
   </div>
   <div class='ocr_carea' id='block_1_7' title="bbox 1169 1942 1851 1971">
    <p class='ocr_par' dir='ltr' id='par_1_9' title="bbox 1169 1942 1851 1971">
     <span class='ocr_line' id='line_1_29' title="bbox 1169 1942 1851 1971; baseline 0 -1"><span class='ocrx_word' id='word_1_253' title='bbox 1169 1942 1420 1971; x_wconf 86' lang='lat' dir='ltr'>APOCALYPSIS</span> <span class='ocrx_word' id='word_1_254' title='bbox 1447 1942 1636 1970; x_wconf 85' lang='lat' dir='ltr'>IOHANNIS</span> <span class='ocrx_word' id='word_1_255' title='bbox 1663 1942 1851 1970; x_wconf 84' lang='lat' dir='ltr'>APOSTOLI</span> 
     </span>
    </p>
   </div>
   <div class='ocr_carea' id='block_1_8' title="bbox 770 2015 2144 2989">
    <p class='ocr_par' dir='ltr' id='par_1_10' title="bbox 770 2015 2144 2989">
     <span class='ocr_line' id='line_1_30' title="bbox 819 2015 2141 2071; baseline 0.003 -16"><span class='ocrx_word' id='word_1_256' title='bbox 819 2017 992 2056; x_wconf 90' lang='lat' dir='ltr'>Timebit</span> <span class='ocrx_word' id='word_1_257' title='bbox 1019 2015 1076 2071; x_wconf 91' lang='lat' dir='ltr'>et]</span> <span class='ocrx_word' id='word_1_258' title='bbox 1104 2017 1211 2057; x_wconf 88' lang='lat' dir='ltr'>dabit</span> <span class='ocrx_word' id='word_1_259' title='bbox 1243 2017 1407 2068; x_wconf 90' lang='lat' dir='ltr'>gloriam</span> <span class='ocrx_word' id='word_1_260' title='bbox 1440 2018 1589 2057; x_wconf 89' lang='lat' dir='ltr'>nomini</span> <span class='ocrx_word' id='word_1_261' title='bbox 1624 2024 1693 2057; x_wconf 93' lang='lat' dir='ltr'>tuo</span> <span class='ocrx_word' id='word_1_262' title='bbox 1723 2019 1815 2069; x_wconf 88' lang='lat' dir='ltr'>quia</span> <span class='ocrx_word' id='word_1_263' title='bbox 1847 2019 1952 2058; x_wconf 89' lang='lat' dir='ltr'>solus</span> <span class='ocrx_word' id='word_1_264' title='bbox 1980 2021 2035 2058; x_wconf 68' lang='grc' dir='ltr'>εἷς</span> <span class='ocrx_word' id='word_1_265' title='bbox 2063 2019 2141 2059; x_wconf 81' lang='lat' dir='ltr'>dfie</span> 
     </span>
     <span class='ocr_line' id='line_1_31' title="bbox 820 2069 2143 2126; baseline 0.002 -16"><span class='ocrx_word' id='word_1_266' title='bbox 820 2078 859 2110; x_wconf 89' lang='lat' dir='ltr'>et</span> <span class='ocrx_word' id='word_1_267' title='bbox 895 2073 982 2122; x_wconf 90' lang='lat' dir='ltr'>pius</span> <span class='ocrx_word' id='word_1_268' title='bbox 1020 2084 1062 2111; x_wconf 92' lang='lat' dir='ltr'>es</span> <span class='ocrx_word' id='word_1_269' title='bbox 1095 2069 1154 2126; x_wconf 91' lang='lat' dir='ltr'>e]t</span> <span class='ocrx_word' id='word_1_270' title='bbox 1190 2084 1328 2111; x_wconf 89' lang='lat' dir='ltr'>omnes</span> <span class='ocrx_word' id='word_1_271' title='bbox 1361 2073 1632 2121; x_wconf 88' lang='lat' dir='ltr'>generationes</span> <span class='ocrx_word' id='word_1_272' title='bbox 1665 2073 1823 2111; x_wconf 83' lang='lat' dir='ltr'>uenient</span> <span class='ocrx_word' id='word_1_273' title='bbox 1855 2080 1894 2112; x_wconf 93' lang='lat' dir='ltr'>et</span> <span class='ocrx_word' id='word_1_274' title='bbox 1926 2074 2143 2112; x_wconf 90' lang='lat' dir='ltr'>adorabunt</span> 
     </span>
     <span class='ocr_line' id='line_1_32' title="bbox 821 2124 2139 2180; baseline 0.002 -16"><span class='ocrx_word' id='word_1_275' title='bbox 821 2127 862 2164; x_wconf 90' lang='lat' dir='ltr'>in</span> <span class='ocrx_word' id='word_1_276' title='bbox 892 2124 1127 2180; x_wconf 86' lang='lat' dir='ltr'>conspect]u</span> <span class='ocrx_word' id='word_1_277' title='bbox 1157 2134 1225 2165; x_wconf 79' lang='lat' dir='ltr'>tuo</span> <span class='ocrx_word' id='word_1_278' title='bbox 1258 2128 1445 2177; x_wconf 88' lang='lat' dir='ltr'>quoniam</span> <span class='ocrx_word' id='word_1_279' title='bbox 1476 2127 1575 2166; x_wconf 90' lang='lat' dir='ltr'>iusta</span> <span class='ocrx_word' id='word_1_280' title='bbox 1606 2126 1746 2165; x_wconf 88' lang='lat' dir='ltr'>iudicia</span> <span class='ocrx_word' id='word_1_281' title='bbox 1779 2127 2022 2167; x_wconf 86' lang='lat' dir='ltr'>manifestata</span> <span class='ocrx_word' id='word_1_282' title='bbox 2050 2135 2139 2166; x_wconf 91' lang='lat' dir='ltr'>sunt</span> 
     </span>
     <span class='ocr_line' id='line_1_33' title="bbox 821 2178 2141 2234; baseline 0.002 -16"><span class='ocrx_word' id='word_1_283' title='bbox 821 2180 883 2218; x_wconf 76' lang='lat' dir='ltr'>⁵et</span> <span class='ocrx_word' id='word_1_284' title='bbox 911 2186 1001 2230; x_wconf 90' lang='lat' dir='ltr'>post</span> <span class='ocrx_word' id='word_1_285' title='bbox 1031 2178 1148 2234; x_wconf 91' lang='lat' dir='ltr'>hae]c</span> <span class='ocrx_word' id='word_1_286' title='bbox 1180 2181 1258 2219; x_wconf 91' lang='lat' dir='ltr'>uidi</span> <span class='ocrx_word' id='word_1_287' title='bbox 1291 2186 1327 2219; x_wconf 92' lang='lat' dir='ltr'>et</span> <span class='ocrx_word' id='word_1_288' title='bbox 1360 2193 1452 2219; x_wconf 91' lang='lat' dir='ltr'>ecce</span> <span class='ocrx_word' id='word_1_289' title='bbox 1478 2187 1653 2231; x_wconf 85' lang='lat' dir='ltr'>apertum</span> <span class='ocrx_word' id='word_1_290' title='bbox 1684 2187 1742 2219; x_wconf 88' lang='lat' dir='ltr'>est</span> <span class='ocrx_word' id='word_1_291' title='bbox 1765 2182 1952 2232; x_wconf 90' lang='lat' dir='ltr'>templum</span> <span class='ocrx_word' id='word_1_292' title='bbox 1980 2183 2141 2221; x_wconf 89' lang='lat' dir='ltr'>taberna</span> 
     </span>
     <span class='ocr_line' id='line_1_34' title="bbox 821 2232 2140 2287; baseline 0.003 -16"><span class='ocrx_word' id='word_1_293' title='bbox 821 2234 897 2272; x_wconf 90' lang='lat' dir='ltr'>culi</span> <span class='ocrx_word' id='word_1_294' title='bbox 935 2232 1111 2287; x_wconf 88' lang='lat' dir='ltr'>mart]yri</span> <span class='ocrx_word' id='word_1_295' title='bbox 1155 2235 1196 2273; x_wconf 93' lang='lat' dir='ltr'>in</span> <span class='ocrx_word' id='word_1_296' title='bbox 1232 2235 1342 2273; x_wconf 89' lang='lat' dir='ltr'>caelo</span> <span class='ocrx_word' id='word_1_297' title='bbox 1379 2235 1442 2273; x_wconf 81' lang='lat' dir='ltr'>⁶et</span> <span class='ocrx_word' id='word_1_298' title='bbox 1479 2247 1570 2274; x_wconf 91' lang='lat' dir='ltr'>ecce</span> <span class='ocrx_word' id='word_1_299' title='bbox 1609 2235 1784 2274; x_wconf 87' lang='lat' dir='ltr'>exierunt</span> <span class='ocrx_word' id='word_1_300' title='bbox 1828 2243 1976 2287; x_wconf 89' lang='lat' dir='ltr'>septem</span> <span class='ocrx_word' id='word_1_301' title='bbox 2013 2237 2140 2286; x_wconf 88' lang='lat' dir='ltr'>angeli</span> 
     </span>
     <span class='ocr_line' id='line_1_35' title="bbox 822 2286 2139 2341; baseline 0.003 -16"><span class='ocrx_word' id='word_1_302' title='bbox 822 2286 1027 2341; x_wconf 86' lang='lat' dir='ltr'>habentes]</span> <span class='ocrx_word' id='word_1_303' title='bbox 1075 2296 1223 2340; x_wconf 88' lang='lat' dir='ltr'>septem</span> <span class='ocrx_word' id='word_1_304' title='bbox 1269 2289 1404 2339; x_wconf 90' lang='lat' dir='ltr'>plagas</span> <span class='ocrx_word' id='word_1_305' title='bbox 1451 2289 1500 2327; x_wconf 93' lang='lat' dir='ltr'>de</span> <span class='ocrx_word' id='word_1_306' title='bbox 1546 2289 1692 2339; x_wconf 92' lang='lat' dir='ltr'>templo</span> <span class='ocrx_word' id='word_1_307' title='bbox 1739 2289 1863 2328; x_wconf 91' lang='lat' dir='ltr'>induti</span> <span class='ocrx_word' id='word_1_308' title='bbox 1914 2290 2139 2329; x_wconf 87' lang='lat' dir='ltr'>linteamina</span> 
     </span>
     <span class='ocr_line' id='line_1_36' title="bbox 822 2340 2138 2395; baseline 0.002 -15"><span class='ocrx_word' id='word_1_309' title='bbox 822 2340 1004 2395; x_wconf 91' lang='lat' dir='ltr'>candida]</span> <span class='ocrx_word' id='word_1_310' title='bbox 1045 2349 1083 2381; x_wconf 91' lang='lat' dir='ltr'>et</span> <span class='ocrx_word' id='word_1_311' title='bbox 1124 2344 1217 2382; x_wconf 89' lang='lat' dir='ltr'>cinti</span> <span class='ocrx_word' id='word_1_312' title='bbox 1254 2344 1357 2381; x_wconf 90' lang='lat' dir='ltr'>circa</span> <span class='ocrx_word' id='word_1_313' title='bbox 1397 2350 1557 2393; x_wconf 90' lang='lat' dir='ltr'>pectore</span> <span class='ocrx_word' id='word_1_314' title='bbox 1599 2355 1720 2382; x_wconf 90' lang='lat' dir='ltr'>zonas</span> <span class='ocrx_word' id='word_1_315' title='bbox 1757 2355 1893 2382; x_wconf 91' lang='lat' dir='ltr'>aureas</span> <span class='ocrx_word' id='word_1_316' title='bbox 1937 2345 2000 2383; x_wconf 76' lang='lat' dir='ltr'>&#39;‘et</span> <span class='ocrx_word' id='word_1_317' title='bbox 2036 2356 2138 2383; x_wconf 91' lang='lat' dir='ltr'>unus</span> 
     </span>
     <span class='ocr_line' id='line_1_37' title="bbox 822 2397 2140 2449; baseline 0.002 -15"><span class='ocrx_word' id='word_1_318' title='bbox 822 2409 871 2435; x_wconf 87' lang='lat' dir='ltr'>ex</span> <span class='ocrx_word' id='word_1_319' title='bbox 918 2403 1037 2447; x_wconf 90' lang='lat' dir='ltr'>quatu</span> <span class='ocrx_word' id='word_1_320' title='bbox 1060 2408 1105 2435; x_wconf 92' lang='lat' dir='ltr'>or</span> <span class='ocrx_word' id='word_1_321' title='bbox 1150 2397 1382 2435; x_wconf 84' lang='lat' dir='ltr'>animalibus</span> <span class='ocrx_word' id='word_1_322' title='bbox 1429 2397 1534 2435; x_wconf 91' lang='lat' dir='ltr'>dedit</span> <span class='ocrx_word' id='word_1_323' title='bbox 1592 2404 1741 2447; x_wconf 89' lang='lat' dir='ltr'>septem</span> <span class='ocrx_word' id='word_1_324' title='bbox 1786 2398 1933 2448; x_wconf 90' lang='lat' dir='ltr'>angelis</span> <span class='ocrx_word' id='word_1_325' title='bbox 1990 2405 2140 2449; x_wconf 90' lang='lat' dir='ltr'>septem</span> 
     </span>
     <span class='ocr_line' id='line_1_38' title="bbox 823 2394 2139 2503; baseline 0.002 -15"><span class='ocrx_word' id='word_1_326' title='bbox 823 2450 971 2500; x_wconf 84' lang='lat' dir='ltr'>phialas</span> <span class='ocrx_word' id='word_1_327' title='bbox 1007 2394 1166 2503; x_wconf 38' lang='lat' dir='ltr'>afflureas</span> <span class='ocrx_word' id='word_1_328' title='bbox 1203 2451 1339 2501; x_wconf 89' lang='lat' dir='ltr'>plenas</span> <span class='ocrx_word' id='word_1_329' title='bbox 1382 2451 1438 2489; x_wconf 90' lang='lat' dir='ltr'>ira</span> <span class='ocrx_word' id='word_1_330' title='bbox 1476 2450 1517 2488; x_wconf 80' lang='lat' dir='ltr'>di</span> <span class='ocrx_word' id='word_1_331' title='bbox 1554 2451 1720 2490; x_wconf 90' lang='lat' dir='ltr'>uiuentis</span> <span class='ocrx_word' id='word_1_332' title='bbox 1758 2451 1798 2489; x_wconf 90' lang='lat' dir='ltr'>in</span> <span class='ocrx_word' id='word_1_333' title='bbox 1836 2452 1967 2491; x_wconf 88' lang='lat' dir='ltr'>secula</span> <span class='ocrx_word' id='word_1_334' title='bbox 2007 2453 2139 2491; x_wconf 86' lang='lat' dir='ltr'>seculo</span> 
     </span>
     <span class='ocr_line' id='line_1_39' title="bbox 770 2502 2139 2558; baseline 0.002 -16"><span class='ocrx_word' id='word_1_335' title='bbox 770 2519 809 2542; x_wconf 92' lang='lat'>10</span> <span class='ocrx_word' id='word_1_336' title='bbox 821 2516 908 2543; x_wconf 88' lang='lat' dir='ltr'>rum</span> <span class='ocrx_word' id='word_1_337' title='bbox 955 2504 1018 2543; x_wconf 82' lang='lat' dir='ltr'>⁸et</span> <span class='ocrx_word' id='word_1_338' title='bbox 1063 2502 1270 2558; x_wconf 88' lang='lat' dir='ltr'>r]epletum</span> <span class='ocrx_word' id='word_1_339' title='bbox 1316 2511 1372 2543; x_wconf 90' lang='lat' dir='ltr'>est</span> <span class='ocrx_word' id='word_1_340' title='bbox 1414 2504 1601 2555; x_wconf 87' lang='lat' dir='ltr'>templum</span> <span class='ocrx_word' id='word_1_341' title='bbox 1637 2505 1745 2544; x_wconf 90' lang='lat' dir='ltr'>fumo</span> <span class='ocrx_word' id='word_1_342' title='bbox 1779 2506 1828 2544; x_wconf 93' lang='lat' dir='ltr'>de</span> <span class='ocrx_word' id='word_1_343' title='bbox 1866 2506 2037 2545; x_wconf 87' lang='lat' dir='ltr'>claritate</span> <span class='ocrx_word' id='word_1_344' title='bbox 2073 2507 2139 2545; x_wconf 73' lang='lat' dir='ltr'>dei</span> 
     </span>
     <span class='ocr_line' id='line_1_40' title="bbox 820 2557 2140 2612; baseline 0.001 -15"><span class='ocrx_word' id='word_1_345' title='bbox 820 2566 858 2597; x_wconf 90' lang='lat' dir='ltr'>et</span> <span class='ocrx_word' id='word_1_346' title='bbox 905 2558 952 2597; x_wconf 92' lang='lat' dir='ltr'>de</span> <span class='ocrx_word' id='word_1_347' title='bbox 997 2557 1155 2612; x_wconf 89' lang='lat' dir='ltr'>uir]tute</span> <span class='ocrx_word' id='word_1_348' title='bbox 1201 2559 1283 2597; x_wconf 89' lang='lat' dir='ltr'>eius</span> <span class='ocrx_word' id='word_1_349' title='bbox 1316 2571 1388 2598; x_wconf 91' lang='lat' dir='ltr'>nec</span> <span class='ocrx_word' id='word_1_350' title='bbox 1436 2559 1643 2610; x_wconf 90' lang='lat' dir='ltr'>quisquam</span> <span class='ocrx_word' id='word_1_351' title='bbox 1681 2566 1831 2609; x_wconf 88' lang='lat' dir='ltr'>poterat</span> <span class='ocrx_word' id='word_1_352' title='bbox 1876 2561 2015 2600; x_wconf 92' lang='lat' dir='ltr'>intrare</span> <span class='ocrx_word' id='word_1_353' title='bbox 2061 2567 2140 2599; x_wconf 90' lang='lat' dir='ltr'>tem</span> 
     </span>
     <span class='ocr_line' id='line_1_41' title="bbox 823 2610 2144 2666; baseline 0.002 -16"><span class='ocrx_word' id='word_1_354' title='bbox 823 2612 930 2663; x_wconf 91' lang='lat' dir='ltr'>plum</span> <span class='ocrx_word' id='word_1_355' title='bbox 969 2610 1117 2666; x_wconf 91' lang='lat' dir='ltr'>d0]nec</span> <span class='ocrx_word' id='word_1_356' title='bbox 1163 2613 1315 2652; x_wconf 86' lang='lat' dir='ltr'>fieretur</span> <span class='ocrx_word' id='word_1_357' title='bbox 1362 2620 1494 2663; x_wconf 87' lang='lat' dir='ltr'>septae</span> <span class='ocrx_word' id='word_1_358' title='bbox 1541 2613 1628 2652; x_wconf 90' lang='lat' dir='ltr'>illae</span> <span class='ocrx_word' id='word_1_359' title='bbox 1669 2613 1807 2663; x_wconf 87' lang='lat' dir='ltr'>plagae</span> <span class='ocrx_word' id='word_1_360' title='bbox 1844 2621 1995 2664; x_wconf 91' lang='lat' dir='ltr'>septem</span> <span class='ocrx_word' id='word_1_361' title='bbox 2041 2627 2144 2665; x_wconf 89' lang='lat' dir='ltr'>ange</span> 
     </span>
     <span class='ocr_line' id='line_1_42' title="bbox 823 2665 2138 2720; baseline 0.002 -15"><span class='ocrx_word' id='word_1_362' title='bbox 823 2665 969 2720; x_wconf 91' lang='lat' dir='ltr'>lorum]</span> <span class='ocrx_word' id='word_1_363' title='bbox 1023 2669 1070 2706; x_wconf 94' lang='lat'>16</span> <span class='ocrx_word' id='word_1_364' title='bbox 1113 2668 1177 2706; x_wconf 91' lang='lat' dir='ltr'>¹et</span> <span class='ocrx_word' id='word_1_365' title='bbox 1214 2667 1345 2705; x_wconf 90' lang='lat' dir='ltr'>audibi</span> <span class='ocrx_word' id='word_1_366' title='bbox 1382 2679 1520 2706; x_wconf 90' lang='lat' dir='ltr'>uocem</span> <span class='ocrx_word' id='word_1_367' title='bbox 1568 2679 1753 2717; x_wconf 87' lang='lat' dir='ltr'>magnam</span> <span class='ocrx_word' id='word_1_368' title='bbox 1786 2667 1835 2707; x_wconf 91' lang='lat' dir='ltr'>de</span> <span class='ocrx_word' id='word_1_369' title='bbox 1872 2669 2017 2719; x_wconf 91' lang='lat' dir='ltr'>templo</span> <span class='ocrx_word' id='word_1_370' title='bbox 2054 2669 2138 2708; x_wconf 69' lang='lat' dir='ltr'>dice</span> 
     </span>
     <span class='ocr_line' id='line_1_43' title="bbox 822 2719 2011 2775; baseline 0.002 -17"><span class='ocrx_word' id='word_1_371' title='bbox 822 2728 901 2759; x_wconf 88' lang='lat' dir='ltr'>tem</span> <span class='ocrx_word' id='word_1_372' title='bbox 931 2719 1103 2775; x_wconf 91' lang='lat' dir='ltr'>sept]em</span> <span class='ocrx_word' id='word_1_373' title='bbox 1131 2721 1281 2772; x_wconf 90' lang='lat' dir='ltr'>angelis</span> <span class='ocrx_word' id='word_1_374' title='bbox 1310 2721 1361 2760; x_wconf 86' lang='lat' dir='ltr'>ite</span> <span class='ocrx_word' id='word_1_375' title='bbox 1395 2728 1433 2759; x_wconf 90' lang='lat' dir='ltr'>et</span> <span class='ocrx_word' id='word_1_376' title='bbox 1466 2721 1623 2759; x_wconf 87' lang='lat' dir='ltr'>effudite</span> <span class='ocrx_word' id='word_1_377' title='bbox 1653 2721 1804 2772; x_wconf 87' lang='lat' dir='ltr'>phialas</span> <span class='ocrx_word' id='word_1_378' title='bbox 1836 2722 1912 2761; x_wconf 89' lang='lat' dir='ltr'>irae</span> <span class='ocrx_word' id='word_1_379' title='bbox 1949 2723 2011 2761; x_wconf 72' lang='lat' dir='ltr'>dei</span> 
     </span>
     <span class='ocr_line' id='line_1_44' title="bbox 822 2775 2014 2826; baseline 0.003 -14"><span class='ocrx_word' id='word_1_380' title='bbox 822 2775 900 2814; x_wconf 82' lang='lat' dir='ltr'>²Et</span> <span class='ocrx_word' id='word_1_381' title='bbox 929 2775 1022 2813; x_wconf 87' lang='lat' dir='ltr'>abiit</span> <span class='ocrx_word' id='word_1_382' title='bbox 1050 2788 1095 2826; x_wconf 92' lang='lat' dir='ltr'>pr</span> <span class='ocrx_word' id='word_1_383' title='bbox 1115 2777 1214 2814; x_wconf 89' lang='lat' dir='ltr'>imus</span> <span class='ocrx_word' id='word_1_384' title='bbox 1239 2782 1277 2814; x_wconf 90' lang='lat' dir='ltr'>et</span> <span class='ocrx_word' id='word_1_385' title='bbox 1306 2775 1442 2814; x_wconf 88' lang='lat' dir='ltr'>effudit</span> <span class='ocrx_word' id='word_1_386' title='bbox 1470 2775 1640 2826; x_wconf 86' lang='lat' dir='ltr'>phialam</span> <span class='ocrx_word' id='word_1_387' title='bbox 1670 2788 1780 2815; x_wconf 89' lang='lat' dir='ltr'>suam</span> <span class='ocrx_word' id='word_1_388' title='bbox 1810 2777 1849 2814; x_wconf 89' lang='lat' dir='ltr'>in</span> <span class='ocrx_word' id='word_1_389' title='bbox 1874 2783 2014 2815; x_wconf 88' lang='lat' dir='ltr'>terram</span> 
     </span>
     <span class='ocr_line' id='line_1_45' title="bbox 820 2828 2139 2880; baseline 0.002 -14"><span class='ocrx_word' id='word_1_390' title='bbox 820 2828 873 2867; x_wconf 91' lang='lat' dir='ltr'>Et</span> <span class='ocrx_word' id='word_1_391' title='bbox 892 2829 1038 2868; x_wconf 89' lang='lat' dir='ltr'>factum</span> <span class='ocrx_word' id='word_1_392' title='bbox 1058 2842 1079 2868; x_wconf 94' lang='lat' dir='ltr'>e</span> <span class='ocrx_word' id='word_1_393' title='bbox 1103 2836 1136 2868; x_wconf 92' lang='lat' dir='ltr'>st</span> <span class='ocrx_word' id='word_1_394' title='bbox 1156 2830 1264 2869; x_wconf 86' lang='lat' dir='ltr'>ulcus</span> <span class='ocrx_word' id='word_1_395' title='bbox 1284 2836 1441 2867; x_wconf 76' lang='lat' dir='ltr'>saeuum</span> <span class='ocrx_word' id='word_1_396' title='bbox 1462 2836 1500 2868; x_wconf 91' lang='lat' dir='ltr'>et</span> <span class='ocrx_word' id='word_1_397' title='bbox 1524 2830 1669 2868; x_wconf 90' lang='lat' dir='ltr'>malum</span> <span class='ocrx_word' id='word_1_398' title='bbox 1689 2831 1730 2868; x_wconf 92' lang='lat' dir='ltr'>in</span> <span class='ocrx_word' id='word_1_399' title='bbox 1755 2830 1978 2868; x_wconf 90' lang='lat' dir='ltr'>hominibus</span> <span class='ocrx_word' id='word_1_400' title='bbox 1996 2831 2139 2880; x_wconf 87' lang='lat' dir='ltr'>inscrip</span> 
     </span>
     <span class='ocr_line' id='line_1_46' title="bbox 824 2881 2140 2936; baseline 0.002 -16"><span class='ocrx_word' id='word_1_401' title='bbox 824 2881 990 2936; x_wconf 89' lang='lat' dir='ltr'>tionem]</span> <span class='ocrx_word' id='word_1_402' title='bbox 1046 2884 1190 2923; x_wconf 90' lang='lat' dir='ltr'>bestiae</span> <span class='ocrx_word' id='word_1_403' title='bbox 1250 2883 1483 2922; x_wconf 87' lang='lat' dir='ltr'>habentibus</span> <span class='ocrx_word' id='word_1_404' title='bbox 1528 2884 1568 2922; x_wconf 91' lang='lat' dir='ltr'>in</span> <span class='ocrx_word' id='word_1_405' title='bbox 1623 2884 1871 2923; x_wconf 90' lang='lat' dir='ltr'>simulacrum</span> <span class='ocrx_word' id='word_1_406' title='bbox 1927 2885 2009 2923; x_wconf 90' lang='lat' dir='ltr'>eius</span> <span class='ocrx_word' id='word_1_407' title='bbox 2063 2884 2140 2922; x_wconf 87' lang='lat' dir='ltr'>ado</span> 
     </span>
     <span class='ocr_line' id='line_1_47' title="bbox 824 2934 2136 2989; baseline 0.001 -16"><span class='ocrx_word' id='word_1_408' title='bbox 824 2934 1016 2989; x_wconf 85' lang='lat' dir='ltr'>rantib]us</span> <span class='ocrx_word' id='word_1_409' title='bbox 1269 2937 1332 2976; x_wconf 83' lang='lat' dir='ltr'>⁸et</span> <span class='ocrx_word' id='word_1_410' title='bbox 1362 2937 1555 2977; x_wconf 86' lang='lat' dir='ltr'>secundus</span> <span class='ocrx_word' id='word_1_411' title='bbox 1586 2938 1721 2976; x_wconf 87' lang='lat' dir='ltr'>effudit</span> <span class='ocrx_word' id='word_1_412' title='bbox 1751 2938 1922 2989; x_wconf 89' lang='lat' dir='ltr'>phialam</span> <span class='ocrx_word' id='word_1_413' title='bbox 1953 2949 2064 2976; x_wconf 86' lang='lat' dir='ltr'>suam</span> <span class='ocrx_word' id='word_1_414' title='bbox 2097 2937 2136 2974; x_wconf 88' lang='lat' dir='ltr'>in</span> 
     </span>
    </p>
   </div>
  </div>
 </body>
</html>
