2866 3346
256 252 305 278 1v.
329 234 448 290 3—44.]
505 234 920 276 EUANGELIUM
951 234 1062 274 SEC

257 327 340 357 F'ol.
358 328 419 357 49.

256 369 303 407 In
323 370 501 418 galileam

255 426 270 446 ⁴
283 424 498 474 Oportebat
518 428 648 461 autem
676 429 752 460 eu·

255 479 416 517 transire
437 490 504 527 per
524 489 675 515 samma

254 534 350 570 riam
472 532 486 553 ⁵
500 532 605 569 uenit
625 538 755 569 autem

253 588 293 625 in
314 587 467 625 ciuitate
489 586 719 624 sammariae

254 654 331 691 que
351 641 488 678 dicitur
509 640 647 690 sychar
666 641 729 677 iux

253 702 292 733 ta
313 696 489 745 predium
510 695 617 744 quod
637 694 742 732 dedit

251 750 367 788 iacob
388 750 465 787 filio
486 761 556 787 suo
576 748 712 798 ioseph

255 805 268 825 ⁰
285 810 366 842 erat
386 810 515 841 autem
535 804 587 841 ibi
613 803 700 841 fons
721 803 757 840 ia

253 860 328 897 cob

257 911 428 951 UIHI'Ihs
435 912 756 962 aulemfaligalus·

255 980 303 1004 ex
323 968 467 1004 itenere
488 967 646 1004 sedebat
666 977 710 1002 su

253 1034 322 1071 per
341 1027 501 1070 puteum
522 1020 617 1058 hora
636 1026 715 1057 erat

253 1075 365 1124 quasi
386 1082 495 1112 sexta

252 1130 324 1166 ⁷Et
338 1129 444 1166 uenit
457 1128 594 1166 mulier
607 1140 755 1166 samma

253 1184 389 1220 ritiana
409 1182 560 1220 haurire
581 1189 709 1231 aqua-

252 1238 343 1275 dicit
363 1237 396 1274 ei
417 1237 475 1273 ihs
488 1236 536 1274 da
552 1237 645 1273 mihi
665 1236 754 1273 bibe

252 1304 294 1328 re
423 1291 436 1312 ⁸
453 1290 628 1340 discipuli
650 1290 753 1327 enim

252 1346 334 1383 eius
355 1345 526 1383 abierant
545 1345 584 1381 in
606 1345 680 1382 ciui

251 1406 369 1437 tatem
389 1406 431 1437 ut
451 1400 557 1437 eibos
578 1404 723 1436 emeret

251 1453 374 1492 ⁹Dicit
387 1454 420 1491 ei
434 1465 527 1503 ergo
541 1453 676 1491 mulier
690 1453 753 1491 illa

252 1508 526 1546 sammaritana
545 1514 585 1545 tu
607 1520 697 1545 cum

253 1563 304 1600 sis
323 1562 482 1599 iudaeus
502 1562 702 1611 quomodo

252 1629 275 1655 a
295 1628 358 1654 me
379 1617 509 1654 bibere
530 1617 627 1666 petis
648 1628 739 1655 cum

255 1745 334 1782 Sim
354 1745 492 1783 mulier
511 1758 661 1784 samma

252 1800 374 1838 ritana
394 1813 475 1838 non
495 1801 598 1837 enim
619 1813 666 1839 co

252 1860 412 1892 utuntur
432 1854 533 1892 iudei
553 1867 642 1893 cum

252 1909 532 1946 sammaritanis
680 1907 753 1961 [eis

252 1962 280 1984 ¹⁰
295 1962 512 2011 Respondit
534 1963 592 2000 ihs
613 1963 707 2001 dixit

253 2017 284 2054 si
306 2016 414 2054 sciris
434 2018 582 2055 donum
601 2017 641 2055 di
662 2025 699 2056 et

252 2072 336 2120 quis
357 2078 414 2108 est
435 2072 500 2120 qui
525 2072 623 2109 dicet
644 2073 711 2110 tibi

251 2126 301 2162 da
324 2125 415 2162 mihi
435 2126 565 2163 bibere
589 2133 630 2163 tu
650 2127 708 2165 for

251 2179 363 2216 sitam
385 2180 534 2228 petissis
555 2181 603 2217 ab
626 2193 673 2219 eo

251 2239 289 2271 et
311 2234 477 2272 dedisset
496 2234 563 2272 tibi
584 2247 727 2285 aquam

251 2299 382 2325 umam

252 2341 384 2379 nDicit
392 2342 426 2379 ei
437 2342 572 2380 mulier
579 2342 654 2380 dfie
662 2355 750 2393 neq·

252 2395 292 2432 in
313 2408 391 2445 quo
412 2396 536 2434 aurias
555 2397 674 2435 habes
694 2406 730 2435 et

251 2455 391 2498 puteus
412 2450 507 2488 altus
528 2457 585 2488 est
605 2451 709 2489 unde

252 2503 371 2540 habes
392 2515 534 2552 aquam
555 2505 685 2542 uiuam

251 2555 280 2576 ¹²
293 2558 482 2606 numquid
506 2559 630 2596 maior
649 2572 690 2598 es
710 2565 751 2597 tu

251 2617 357 2660 patre
377 2618 510 2648 nostro
531 2613 642 2650 iacob

251 2665 318 2714 qui
338 2665 442 2702 dedit
462 2666 574 2703 nobis
602 2673 746 2715 puteu-

251 2718 354 2756 hunc
375 2726 411 2756 et
432 2719 512 2768 ipse
528 2732 575 2757 ex
589 2733 636 2758 eo
657 2722 750 2759 bibit

250 2781 287 2809 et
301 2773 352 2809 fili
366 2774 446 2810 eius
463 2780 500 2810 et
516 2787 656 2823 pecora
669 2775 750 2812 eius

251 2826 279 2847 ¹³
292 2827 510 2876 Respondit
525 2828 584 2865 ihs
600 2836 636 2866 et
657 2829 751 2866 dixit

251 2881 286 2918 ei
414 2882 541 2920 omnis
570 2884 635 2931 qui
656 2883 751 2920 uiuit

249 2947 296 2972 ex
318 2934 390 2973 hac
412 2948 512 2985 aqua
533 2937 630 2975 sitiet
649 2938 698 2975 ite

249 3000 335 3026 rum
429 2991 494 3039 qui
514 2998 642 3030 autem
662 2993 750 3031 bibe

315 3076 466 3095 BUCHANAN

793 366 858 404 Rit
879 366 926 404 de
946 366 1019 404 hac
1042 378 1143 417 aqua
1162 373 1272 416 qua—

791 433 865 471 ego
886 421 988 459 dabo
1008 421 1042 458 ei
1063 433 1143 458 non
1164 422 1195 458 si

792 477 856 514 tiet
877 476 915 513 in
937 483 1136 513 aeternum

791 530 819 551 ¹⁴
832 530 900 568 sed
919 542 1020 579 aqua
1040 541 1157 579 quam
1178 529 1279 567 dabo

792 585 826 622 ei
845 584 908 622 fiet
927 584 967 621 in
987 596 1034 622 eo
1054 584 1141 621 sons
1169 596 1291 633 aquae

792 639 958 676 salientis
977 638 1016 676 in
1036 638 1156 676 uitam

791 699 964 731 eternam

790 747 820 769 ²⁵
833 746 935 784 Dicit
955 746 1004 784 ad
1025 758 1114 784 eum
1134 745 1271 783 mulier

793 801 868 839 dfie
890 800 940 838 da
959 800 1052 838 mihi
1073 801 1175 838 hanc

792 868 934 905 aquam
955 861 997 892 ut
1017 867 1097 892 non
1119 855 1242 893 sitiam

792 921 918 959 neque
934 909 1090 947 ueniam
1110 909 1185 947 huc

792 964 841 1001 ad
862 963 1090 1001 auriendum

792 1017 818 1039 ²⁶
831 1017 935 1056 Dicit
956 1019 989 1056 ei
1009 1018 1067 1055 ihs
1083 1017 1181 1055 uade
1194 1029 1293 1056 uoca

791 1072 916 1109 uirum
937 1079 1044 1110 tuum
1064 1079 1101 1110 et
1122 1084 1169 1110 ue

791 1128 830 1163 ni
851 1126 926 1164 huc

790 1180 819 1202 ¹⁷
833 1180 1051 1229 Respondit
1070 1180 1218 1229 mulier¹
1231 1186 1267 1218 et

790 1234 882 1272 dixit
900 1235 935 1272 ei
953 1247 1033 1273 non
1053 1234 1182 1272 habeo

789 1289 914 1325 uirum

788 1342 893 1380 Dicit
914 1343 946 1379 ei
968 1342 1026 1381 ihs
1047 1343 1145 1380 bene
1166 1342 1263 1380 dixis

787 1397 814 1435 ti
835 1397 924 1446 quia
943 1397 1069 1434 uirum
1090 1409 1170 1435 non

789 1452 908 1489 habes
927 1450 954 1472 ²⁸
967 1451 1136 1501 quinque
1157 1451 1252 1489 eni*

787 1506 891 1544 uiros
910 1504 1075 1543 habuisti
1159 1512 1196 1544 et

787 1572 891 1598 nunc
915 1572 1033 1609 quern
1053 1559 1173 1598 habes

787 1626 868 1653 non
889 1620 947 1653 est
966 1622 1052 1652 tuus
1071 1615 1130 1652 uir
1150 1614 1224 1653 hoc

788 1745 934 1784 Uerum
956 1746 1084 1784 dixisti

787 1800 814 1821 ¹⁹
829 1800 930 1838 Dicit
950 1801 984 1838 ei
1005 1801 1141 1838 mulier
1160 1800 1235 1838 dfie
1250 1800 1288 1838 ui

788 1854 862 1893 deo
883 1855 971 1904 quia
990 1855 1178 1904 propheta
1198 1862 1255 1893 est

788 1909 817 1930 '²⁰
829 1916 956 1958 patres
977 1909 1097 1946 nostri
1118 1910 1156 1946 in
1177 1922 1272 1947 mon

788 1970 825 2001 te
846 1963 920 2001 hoc
941 1963 1198 2001 adorauerunt

787 2024 825 2055 et
844 2029 916 2055 uos
936 2017 1060 2055 dicitis
1079 2019 1170 2067 quia
1190 2017 1252 2056 ihe

788 2072 978 2110 rosolimis
999 2079 1056 2110 est
1076 2072 1184 2110 locus

787 2126 853 2163 ubi
874 2126 1033 2164 adorare
1054 2133 1206 2176 oportet

788 2178 816 2200 ²¹
831 2179 934 2218 Dicit
949 2181 983 2218 ei
1003 2181 1061 2218 ihs
1077 2181 1212 2218 mulier
1227 2193 1289 2220 cre

786 2234 834 2272 de
855 2235 947 2271 mihi
967 2236 1057 2284 quia
1077 2236 1206 2273 ueniet

787 2289 884 2326 hora
904 2301 1030 2339 neque
1051 2290 1089 2326 in
1113 2301 1207 2327 mon

787 2350 824 2380 te
844 2343 918 2381 hoc
940 2356 1064 2393 neque
1081 2344 1188 2381 ibero

788 2397 933 2435 solimis
953 2398 1159 2436 adorabitis
1180 2410 1230 2447 pa

786 2458 884 2489 trem
981 2449 1010 2474 22
1023 2464 1093 2490 uos
1113 2452 1233 2490 adora

787 2505 832 2543 tis
853 2506 960 2555 quod
982 2507 1136 2544 nescitis

787 2559 872 2597 Nos
894 2561 1104 2599 adoramus
1124 2561 1232 2610 quod

786 2614 928 2652 scimus
950 2615 1015 2664 qui
1035 2615 1137 2652 salus
1157 2628 1204 2653 ex

785 2668 907 2705 iudeis
927 2675 984 2705 est

785 2721 892 2758 23Sed
902 2722 1287 2760 ueniethoraetnunc

785 2782 843 2813 est
862 2776 1018 2824 quando
1039 2777 1117 2813 ueri
1138 2777 1214 2814 ado

785 2831 921 2866 ratoris
942 2836 979 2867 et
999 2830 1215 2868 adorabunt

785 2889 890 2933 patre
912 2884 951 2920 in
972 2887 1045 2932 spu
1064 2891 1100 2921 et
1119 2885 1241 2922 uerita

785 2945 863 2975 tem
947 2950 1038 2975 nam
1058 2945 1094 2976 et
1114 2945 1222 2988 pater

785 2992 869 3031 talis
889 2993 1013 3043 querit
1036 2993 1103 3043 qui
1122 2993 1198 3031 ado

1707 230 2048 271 IOHANNEM

1360 322 1442 353 Fol.
1460 322 1520 352 50.

1362 380 1460 445 Rent
1471 420 1560 446 eum
1768 406 1861 460 [ado

1360 463 1388 484 ²4
1403 462 1477 512 Sps
1497 469 1553 500 est
1573 461 1619 499 ds
1639 469 1675 500 et
1695 474 1761 500 eos
1782 463 1848 513 qui

1360 527 1444 555 rant
1464 517 1503 554 in
1526 520 1597 566 spu
1617 524 1654 554 et
1674 517 1832 555 ueritate

1360 578 1513 620 oportet
1532 571 1692 608 adorare

1361 626 1389 646 ²5
1402 626 1505 663 Dicit
1518 626 1553 663 ei
1566 626 1703 663 mulier
1716 625 1861 663 nessias

1361 680 1441 718 scio
1462 680 1553 729 quia
1573 680 1679 717 uenit
1701 679 1767 729 qui
1787 679 1825 716 di

1362 735 1458 772 citur
1477 737 1551 783 xps
1572 746 1661 772 cum
1686 746 1780 783 ergo

1362 789 1509 826 uenerit
1530 789 1592 826 ille
1613 788 1722 826 nobis
1744 788 1794 826 ad

1362 843 1552 881 nuntiauit
1573 843 1706 880 omnia

1362 896 1388 918 ²⁶
1400 897 1504 935 Dicit
1523 899 1557 935 ei
1577 898 1635 935 ihs
1654 909 1729 947 ego
1750 908 1837 935 sum

1362 951 1501 1002 loquor
1521 959 1651 990 tecum
1777 949 1862 1004 [qui

1362 1005 1391 1027 ²⁷
1405 1006 1456 1043 Et
1472 1006 1658 1044 continuo
1673 1013 1863 1044 uenerunt

1363 1060 1536 1110 discipuli
1557 1061 1638 1098 eius
1658 1067 1695 1098 et
1716 1061 1812 1098 mira

1362 1115 1502 1152 bantur
1521 1116 1610 1165 quia
1630 1127 1720 1152 curn
1742 1127 1810 1153 mu

1361 1169 1450 1207 liere
1470 1169 1699 1219 loquebatur

1362 1236 1479 1261 nemo
1499 1230 1628 1261 tamen
1649 1223 1744 1261 dixit
1764 1222 1798 1260 ei

1361 1277 1452 1327 quid
1473 1278 1600 1327 queris
1621 1285 1685 1315 aut
1704 1277 1797 1328 quid

1361 1331 1528 1381 loqueris
1541 1344 1630 1369 cum
1652 1344 1698 1370 ea

1359 1386 1388 1407 ²⁸
1403 1386 1572 1435 Reliquit
1591 1399 1683 1435 ergo
1707 1385 1842 1423 mulier

1361 1440 1533 1490 hydriam
1554 1453 1663 1478 suam
1684 1447 1720 1478 et
1741 1440 1833 1478 abiit

1360 1495 1398 1532 in
1420 1495 1614 1533 ciuitatem
1634 1502 1670 1533 et
1691 1494 1786 1532 dixit

1358 1549 1581 1588 hominibus
1600 1550 1627 1571 ²⁹
1643 1550 1772 1587 uenite

1357 1604 1482 1641 uidete
1504 1603 1702 1642 hominem
1722 1603 1788 1653 qui

1358 1658 1453 1696 dixit
1469 1659 1600 1696 omnia
1620 1670 1788 1710 quecum

1359 1745 1449 1793 Que
1472 1746 1543 1784 feci
1564 1746 1744 1798 numquit

1357 1801 1439 1850 ipse
1459 1808 1516 1839 est
1535 1804 1608 1850 xps

1358 1855 1388 1876 ³⁰
1399 1856 1586 1893 Exierunt
1607 1868 1700 1905 ergo
1721 1855 1768 1894 de
1789 1855 1823 1894 ci

1357 1911 1515 1947 uitatem
1536 1917 1572 1947 et
1588 1910 1700 1947 uenie

1358 1965 1451 2001 bant
1471 1964 1520 2001 ad
1540 1976 1630 2002 eum

1358 2018 1385 2039 ⁸¹
1399 2019 1505 2056 Inter
1525 2019 1620 2056 haec
1641 2025 1771 2056 autem

1358 2074 1548 2123 rogabant
1569 2073 1744 2123 discipuli

1359 2127 1530 2166 dicentes
1550 2128 1660 2165 rabbi
1680 2135 1773 2166 rna*

1358 2181 1458 2219 duca

1357 2235 1470 2274 ³²111e
1491 2242 1618 2274 autem
1639 2236 1732 2274 dixit
1753 2236 1807 2274 eis

1359 2303 1433 2340 ego
1454 2292 1583 2328 cibum
1604 2290 1730 2328 habeo

1358 2345 1591 2383 manducare
1612 2357 1730 2394 quem

1358 2411 1430 2437 uos
1451 2411 1531 2436 non
1551 2400 1655 2437 scitis

1356 2454 1384 2475 ⁸⁸
1398 2454 1578 2491 Dicibant
1598 2465 1691 2503 ergo
1713 2453 1806 2492 disci

1356 2508 1437 2557 puli
1458 2509 1539 2545 eius
1561 2509 1659 2545 intra
1679 2515 1802 2546 semet

1356 2563 1482 2612 ipsum
1503 2563 1681 2611 numquit
1702 2563 1752 2599 ali

1356 2618 1441 2666 quis
1462 2616 1595 2654 adtulit
1615 2617 1650 2654 ei
1671 2628 1762 2653 man

1356 2671 1497 2707 ducare

1355 2724 1494 2761 8“Dicit
1508 2724 1541 2761 ei
1554 2723 1611 2761 ihs
1624 2735 1734 2762 meus
1747 2724 1855 2762 cibus

1355 2784 1411 2815 est
1431 2785 1472 2815 ut
1492 2778 1630 2815 faciam
1650 2778 1771 2815 uolu-

1356 2838 1473 2869 tatem
1494 2833 1575 2869 eius
1596 2832 1660 2880 qui
1680 2844 1743 2869 me

1356 2886 1458 2923 misit
1479 2893 1515 2923 et
1534 2886 1732 2935 perficiam

1355 2951 1455 2988 opus
1475 2940 1558 2977 eius

1354 2993 1534 3033 85Nonne
1544 3006 1612 3033 uos
1621 2994 1742 3034 dicitis
1750 2994 1856 3046 quod

2347 243 2395 282 25

1894 363 2035 402 Adhuc
2055 370 2238 414 quattuor
2257 370 2353 401 me*

1897 419 1948 457 sis
1969 424 2058 456 sunt
2079 425 2115 456 et
2131 419 2276 457 mensis
2292 417 2398 456 uenit

1897 486 1984 511 ecce
2002 473 2089 511 dico
2109 473 2221 510 uobis

1897 527 2042 565 Leuate
2064 527 2199 565 oculus
2221 532 2369 566 uestros

1896 589 1933 619 et
1953 581 2040 619 uide
2062 583 2241 630 regiones
2263 582 2353 631 quia.

1896 636 1980 674 albe
2005 642 2093 674 sunt
2113 636 2190 674 iam
2211 636 2262 675 ad
2285 648 2369 674 mes

1897 702 1980 728 sem

1896 745 1923 766 ⁸⁶
1938 745 2016 791 Qui
2037 745 2143 782 metit
2163 744 2383 783 mercedem

1897 799 2042 848 adcipit
2061 805 2099 837 et
2120 800 2295 847 congerit

1896 853 2064 891 fructum
2086 854 2123 890 in
2144 854 2264 890 uitam
2285 865 2331 891 ae

1897 915 2047 946 ternam
2066 914 2107 945 ut
2130 914 2167 945 et
2188 908 2253 957 qui
2273 920 2315 945 se

1897 962 2020 1000 minat
2040 962 2154 1000 simul
2173 962 2340 1010 gaudeat

1897 1023 1935 1054 et
1955 1018 2019 1067 qui
2040 1017 2149 1054 metit
2220 1016 2247 1037 ⁸⁷
2262 1017 2301 1053 in
2322 1016 2397 1055 hoc

1896 1077 1953 1109 est
1973 1071 2076 1108 enim
2096 1071 2260 1109 uerbum
2279 1083 2329 1108 ue

1896 1125 2015 1163 ritatis
2035 1125 2126 1175 quia
2145 1125 2241 1163 alius
2261 1125 2328 1175 qui

1897 1180 2060 1217 seminat
2079 1186 2116 1218 et
2141 1180 2235 1217 alius
2256 1180 2323 1229 qui

1896 1234 2004 1271 metit

1896 1288 1923 1308 ⁸⁸
1935 1289 2024 1338 Ego
2043 1288 2128 1326 misi
2148 1300 2220 1325 uos
2239 1294 2385 1326 metere

1895 1342 1934 1380 id
1955 1342 2060 1393 quod
2081 1355 2154 1380 uos
2174 1354 2254 1380 non
2274 1342 2363 1380 labo

1894 1399 2002 1435 rastis
2023 1396 2085 1434 alii
2105 1397 2289 1435 laboraue

1895 1458 1983 1489 runt
2004 1458 2041 1489 et
2060 1463 2132 1489 uos
2152 1452 2188 1487 in
2210 1450 2345 1488 labore

1895 1505 2065 1555 ipsorum
2087 1505 2270 1543 introistis

1895 1561 1991 1597 ³⁹Ex
2006 1561 2156 1598 ciuitate
2164 1560 2392 1599 autemilla‘

1895 1615 2005 1653 multi
2018 1615 2260 1653 erediderunt

1895 1747 1943 1784 In
1963 1760 2051 1786 eum
2073 1749 2350 1787 sammaritano

1895 1814 1981 1839 rum
2002 1809 2156 1852 propter
2175 1804 2340 1841 uerbum

1894 1857 2065 1894 mulieris
2086 1858 2279 1895 testimoni

1893 1922 1960 1947 um
1983 1911 2227 1960 perhibentes
2306 1912 2397 1962 quia

1893 1965 1989 2002 dixit
2008 1965 2102 2002 mihi
2123 1966 2255 2004 omnia
2274 1979 2377 2017 quae

1892 2019 1964 2057 feci

1891 2073 1920 2094 ⁴⁰
1934 2072 2035 2111 Cum
2056 2075 2252 2112 uenissent
2272 2087 2366 2125 ergo

1893 2129 1941 2166 ad
1962 2129 2067 2166 illum
2089 2130 2269 2166 sammari

1892 2183 1973 2220 tani
1992 2191 2227 2232 rogauerunt
2246 2191 2328 2222 eu-

1892 2244 1934 2274 ut
1953 2237 2005 2275 ibi
2024 2245 2199 2276 maneret
2218 2246 2254 2276 et
2274 2245 2370 2276 ma-

1894 2292 1940 2329 sit
1953 2293 2003 2330 ibi
2018 2292 2138 2330 biduo
2186 2292 2258 2330 sset
2272 2292 2394 2331 multo

1891 2346 2019 2396 plures
2040 2346 2285 2384 crediderunt

1892 2408 2047 2450 propter
2068 2413 2289 2438 sermonem

1890 2455 1972 2492 eius

1890 2507 1919 2530 ⁴²
1933 2508 2086 2546 Mulieri
2107 2516 2237 2546 autem
2258 2508 2341 2548 dice

1891 2563 1983 2600 bant
2004 2563 2094 2611 quia
2113 2563 2190 2599 iam
2212 2575 2291 2601 non

1889 2623 2046 2666 propter
2065 2624 2130 2654 tua
2150 2617 2348 2666 loquella*

1890 2671 2083 2708 credimus
2103 2671 2176 2720 ipsi
2197 2672 2301 2709 enim

1889 2724 2106 2762 audiuimus
2126 2731 2163 2762 et
2183 2725 2327 2764 scimus

1889 2779 1980 2828 quia
1998 2778 2060 2816 hic
2082 2785 2138 2818 est
2158 2779 2326 2820 saluator

1888 2833 2023 2870 mundi

1891 2896 1919 2924 x
1933 2887 1961 2908 ⁴⁵
1973 2887 2071 2925 Post
2082 2888 2172 2925 duos
2184 2894 2303 2926 autem
2316 2889 2392 2927 dies

1889 2942 1979 2980 exiit
1998 2941 2088 2979 inde
2109 2942 2165 2980 ihs
2186 2943 2223 2980 in
2243 2943 2319 2992 gali

1889 2996 1991 3035 leam
2061 2997 2090 3019 ⁴⁴
2105 2997 2187 3048 ipse
2206 2997 2311 3036 enim
2331 2997 2390 3036 ihs
