2820 3334
501 218 555 258 90

501 295 584 326 1'01.
600 296 676 328 177.

503 338 658 377 Pullum
676 342 715 376 et
733 336 867 376 dicetis
887 336 966 376 dfio

502 392 740 431 necessarius
760 398 817 430 est
835 398 873 430 et

503 447 689 485 continuo
709 446 872 484 dimittet

503 500 611 538 illum
629 500 703 538 hoc

502 554 575 592 ‘Et
594 556 779 593 abeuntes
798 553 938 592 inuene

502 615 593 647 runt
612 609 760 658 pullum
779 608 931 658 ligatu-

503 670 592 701 ante
611 663 769 700 ianuam
789 662 880 700 foris

500 717 542 755 in
562 717 764 755 transitum
784 723 821 755 et
839 716 948 755 solue

502 778 592 809 runt
610 783 701 809 eum

502 825 574 863 ¹⁵Et
593 826 752 876 quidam
771 824 818 863 de
837 824 985 863 circum

504 881 695 918 stantibus
714 880 781 930 qui
800 886 909 918 erant

504 934 557 971 ibi
613 934 790 971 dixerunt
809 934 864 972 eis

503 988 598 1038 quid
617 988 738 1026 facitis
758 988 894 1026 soluen

502 1048 560 1081 tes
579 1042 728 1092 pullum
785 1042 870 1091 ⁶qui
890 1041 929 1079 di

503 1103 644 1135 xerunt
663 1097 759 1134 sicut
777 1096 924 1134 dixerat

503 1151 576 1188 illis
596 1150 655 1189 ihs

503 1205 574 1243 ⁷Et
593 1205 849 1254 permiserunt
867 1203 939 1242 illis

503 1259 645 1297 ducere
665 1259 814 1309 pullum
833 1259 883 1297 ad

504 1313 586 1351 ihm
613 1320 651 1351 et
669 1314 862 1363 inponunt
880 1313 905 1350 ii

504 1368 531 1405 li
550 1368 780 1406 uestimenta

505 1421 557 1460 Et
576 1422 672 1460 sedit
693 1433 810 1471 supra
829 1421 938 1459 illum

504 1476 635 1514 ‘multi
654 1482 783 1514 autem
802 1476 899 1514 uesti

506 1538 639 1568 menta
658 1542 728 1569 sua
750 1536 877 1569 sterne

505 1585 600 1624 bant
618 1585 657 1622 in
677 1585 781 1622 uiam
818 1585 880 1623 alii

505 1672 614 1711 Uero
633 1685 763 1711 ramos
784 1672 879 1712 cede

505 1728 600 1766 bant
620 1727 669 1766 de
689 1728 892 1766 arboribus

506 1788 545 1820 et
565 1782 786 1820 sternebant
806 1782 846 1819 in
865 1782 957 1820 uia-

505 1836 578 1874 ’Et
596 1836 661 1887 qui
680 1837 857 1886 preibant
887 1842 925 1874 et

506 1891 576 1941 qui
595 1891 852 1941 sequebantur
870 1889 929 1929 cla

505 1945 667 1983 mabant
700 1945 729 1967 ¹⁰
737 1944 898 1983 benedic

506 2005 569 2037 tus
590 2000 657 2050 qui
675 1999 781 2037 uenit
799 1999 839 2036 in
859 2011 913 2038 no

507 2053 614 2092 mine
634 2054 699 2091 dni
737 2053 899 2091 benedic

506 2113 590 2146 tum
611 2107 717 2158 quod
736 2108 840 2145 uenit
859 2119 929 2157 reg

508 2173 604 2199 num
624 2161 742 2211 patris
762 2162 884 2200 nostri

507 2215 626 2254 dauid
645 2227 816 2253 ossanna
835 2216 875 2253 in
895 2228 943 2254 ex

507 2270 619 2308 celsis

509 2322 653 2361 xxxv¹¹
661 2322 719 2361 Et
730 2336 811 2361 cum
826 2324 1014 2362 introisset

507 2377 770 2428 hierosolyma
787 2378 827 2415 in
846 2384 917 2416 te-

508 2433 577 2483 plo
595 2432 868 2482 circumspexit
886 2438 945 2470 ο·

507 2487 573 2525 nia
592 2498 681 2525 cum
701 2487 779 2525 iam
798 2486 849 2524 ad
867 2497 937 2524 ues

507 2553 603 2592 pera
621 2547 722 2579 esset
741 2541 837 2579 hora
856 2540 948 2578 exiit

509 2596 550 2634 in
571 2595 791 2634 bethaniam
810 2607 901 2634 cum

510 2649 718 2688 duodecim

510 2702 539 2725 ¹²
547 2703 597 2741 Et
614 2704 689 2742 alia
708 2703 770 2742 die
787 2715 878 2742 cum
898 2702 978 2741 exis

512 2764 570 2795 set
589 2769 612 2794 a
630 2757 852 2795 bethaniam

512 2811 643 2849 esuriit
661 2810 733 2849 ¹⁸et
751 2823 840 2849 curn
860 2811 959 2849 uidis

514 2872 600 2903 sent
619 2876 642 2902 a
660 2864 777 2914 longe
797 2865 913 2903 ficum

514 2918 721 2958 habentem
740 2917 872 2956 foliam

812 206 858 245 Ε
859 205 929 245 UA
935 205 987 245 N
985 206 1133 246 GELI
1132 206 1226 246 UM

1036 336 1156 376 Uenit
1175 337 1304 376 uidere
1325 337 1356 376 si
1375 336 1469 389 quid

1036 399 1136 430 esset
1156 392 1196 430 in
1216 404 1303 430 eam
1347 399 1387 431 et
1407 392 1447 430 ni

1037 445 1090 484 hil
1109 446 1256 484 inuenit
1275 446 1349 485 nisi
1369 446 1460 484 folia

1037 512 1118 539 non
1139 501 1244 539 enim
1265 507 1344 539 erat
1363 506 1443 539 tem

1037 566 1110 605 pus
1130 555 1274 593 ficuum
1299 555 1371 593 ¹‘et
1390 555 1442 593 ait
1461 554 1496 593 ei

1037 609 1115 646 iam
1136 621 1216 648 non
1234 609 1399 659 amplius
1419 609 1459 647 in

1036 670 1235 702 aeternum
1255 664 1453 714 quisqua-

1034 730 1084 756 ex
1105 724 1140 756 te
1158 718 1323 756 fructum
1342 724 1440 756 ma·-

1037 772 1156 810 ducet

1036 825 1088 864 Et
1106 825 1314 864 audiebant
1334 825 1484 876 discipu

1036 880 1062 919 li
1082 881 1164 918 eius

1036 934 1122 972 ¹⁶Et
1140 940 1329 972 uenerunt
1349 933 1489 971 iterum

1036 988 1295 1037 hierosolyma
1313 994 1351 1026 et
1370 1000 1460 1026 cum

1038 1042 1230 1081 introisset
1250 1043 1289 1080 in
1309 1042 1488 1092 templu-

1038 1104 1075 1135 et
1098 1097 1226 1146 coepit
1247 1097 1369 1134 eicere
1389 1108 1466 1134 uen

1038 1151 1173 1189 dentes
1191 1157 1228 1189 et
1247 1158 1419 1189 ementes

1038 1205 1079 1243 in
1099 1205 1245 1255 templo
1265 1211 1303 1243 et
1322 1216 1479 1243 mensas

1039 1259 1386 1298 nummulariorum

1040 1319 1078 1352 et
1097 1314 1298 1352 cathedras
1317 1326 1395 1352 uen

1041 1368 1215 1407 dentium
1236 1367 1440 1406 columbas

1040 1422 1179 1461 euertit
1215 1422 1285 1460 ¹⁶et
1306 1434 1386 1460 non
1406 1422 1437 1459 si

1041 1477 1158 1515 nebat
1179 1482 1222 1514 ut
1241 1476 1444 1526 quisquam

1040 1530 1262 1569 transferret
1290 1542 1360 1568 uas

1040 1598 1109 1636 per
1126 1585 1314 1636 templum
1335 1584 1404 1623 1''et
1424 1583 1476 1622 do

1041 1673 1166 1712 Cebat
1186 1672 1257 1711 illis
1277 1671 1409 1711 dicens

1095 1727 1280 1777 scriptum
1299 1733 1357 1765 est
1377 1726 1472 1765 eni·-

1094 1781 1235 1820 domus
1254 1793 1342 1819 mea
1362 1780 1414 1819 do

1095 1848 1182 1874 mus
1205 1835 1391 1874 orationis

1095 1890 1296 1928 uocabitur
1314 1901 1380 1928 om

1097 1945 1211 1982 nibus
1231 1944 1410 1994 gentibus

1096 2010 1170 2037 uos
1190 2005 1320 2036 autem
1340 1997 1434 2036 fecis

1095 2053 1143 2091 tis
1162 2053 1265 2091 illam
1285 2052 1422 2103 spelun

1099 2119 1186 2146 carn
1206 2107 1400 2145 latronum

1043 2161 1069 2182 ¹⁸
1077 2160 1195 2208 Quod
1215 2161 1348 2200 audito
1368 2160 1531 2199 summis

1043 2216 1311 2254 sacerdotibus
1331 2222 1369 2253 et
1389 2215 1462 2254 scri

1042 2270 1115 2307 bae
1135 2271 1372 2320 quaerebant
1391 2281 1471 2319 quo

1042 2324 1164 2362 modo
1183 2324 1292 2362 illum
1309 2324 1428 2374 perde

1042 2385 1128 2416 rent

1044 2431 1256 2470 Timebant
1275 2437 1406 2469 autem
1425 2438 1507 2470 eu-

1043 2486 1229 2536 quoniam
1248 2486 1430 2524 uniuersa

1041 2540 1154 2578 turba
1173 2540 1434 2578 admirabatur

1042 2606 1156 2644 super
1175 2594 1388 2633 doctrinam
1408 2594 1490 2632 eius

1044 2647 1130 2687 ¹⁹Et
1149 2660 1239 2687 cum
1258 2660 1420 2699 uespera
1439 2648 1498 2686 fac

1044 2709 1084 2742 ta
1101 2710 1202 2741 esset
1220 2703 1426 2752 egredieba

1046 2764 1107 2795 tur
1125 2757 1172 2795 de
1192 2757 1346 2795 ciuitate

1046 2811 1132 2849 2(Ἐῑ
1151 2823 1242 2850 cum
1261 2811 1438 2850 transiret
1456 2821 1523 2848 ma

1046 2878 1096 2904 ne
1116 2865 1296 2904 uiderunt
1314 2866 1409 2904 arbo

1047 2932 1128 2958 rem
1149 2920 1210 2958 fici
1228 2919 1402 2958 haridam

1410 3055 1503 3081 xxm

1894 208 2005 250 SEC
2031 210 2303 251 MARCUM
2357 209 2427 265 [x1.
2447 225 2575 260 3.-x11.
2595 223 2631 262 5.

1606 295 1690 326 1⁸01.
1704 296 1783 329 178.

1607 338 1767 377 Factam
1787 351 1810 378 a
1829 339 2022 379 radicibus

1606 391 1678 431 ²¹et
1699 393 1923 432 recordatus
1942 402 2073 445 petrus

1607 447 1658 485 ait
1677 446 1730 484 illi
1759 448 1867 486 rabbi
1886 461 1977 487 ecce
1997 461 2040 487 ar

1609 501 1679 539 bor
1698 501 1759 539 fici
1779 502 1842 540 cui
1863 502 2005 541 maledi

1607 555 1694 593 xisti
1714 557 1812 593 aruit

1605 609 1689 647 2ἳΕῑ
1707 609 1946 660 respondens
1966 610 2024 648 ihs
2044 610 2096 650 ait

1605 663 1677 701 illis
1697 663 1835 703 habete
1855 665 1895 702 in
1914 665 2027 703 uobis

1605 718 1722 756 fidem
1740 717 1782 756 di
1846 718 1875 741 ²⁸
1883 731 1999 757 amen
2017 718 2056 757 di

1605 784 1653 810 co
1673 773 1787 810 uobis
1807 773 1994 823 quoniam
2014 773 2081 823 qui

1606 838 1775 877 cumque
1795 827 1933 865 dixerit
1953 827 2042 866 huic

1607 881 1731 918 monti
1751 881 1883 919 tollere
1905 888 1943 920 et
1961 882 2032 919 mit

1606 941 1685 972 tere
1704 935 1743 972 in
1763 947 1872 973 mare
1891 942 1930 974 et
1953 948 2035 974 non

1606 988 1827 1027 hesitauerit
1848 990 1886 1027 in
1907 990 2026 1028 corde

1607 1055 1678 1081 suo
1699 1043 1768 1081 sed
1787 1043 1990 1083 crediderit

1607 1097 1778 1135 futurum
1798 1098 1863 1136 fiet
1882 1097 1991 1148 quod

1607 1163 1776 1202 cumque
1797 1153 1934 1190 dixerit

1608 1206 1850 1256 2⁴Propterea
1869 1206 1957 1245 dico
1977 1205 2090 1244 uobis

1608 1262 1740 1298 omnia
1759 1272 2003 1311 quecumque

1609 1315 1725 1353 oratis
1744 1323 1782 1353 et
1801 1315 1928 1365 petitis
1948 1326 2012 1352 cre

1609 1368 1685 1407 dite
1705 1370 1891 1419 quoniam
1911 1368 1995 1406 adei

1609 1423 1719 1473 pietis
1738 1430 1776 1461 et
1795 1423 1865 1461 erit
1885 1423 1997 1460 uobis

1607 1477 1637 1499 ¹⁵
1647 1477 1698 1515 Et
1717 1489 1807 1516 cum
1823 1478 1928 1515 statis
1944 1476 1994 1514 ad
2010 1488 2107 1515 oran

1608 1530 1704 1569 dum
1732 1531 1903 1569 dimittite
1925 1531 1956 1569 si
1975 1531 2069 1580 quid

1609 1585 1758 1624 habetis
1779 1597 1940 1624 auersus
1960 1585 2008 1623 ali

1610 1671 1741 1719 Quem
1760 1678 1802 1710 ut
1821 1678 1859 1710 et
1878 1677 1986 1722 pater
2004 1683 2074 1710 ues

1608 1732 1664 1764 ter
1683 1726 1751 1776 qui
1770 1727 1809 1764 in
1829 1727 1922 1764 celis
1940 1732 1999 1764 est
2017 1726 2056 1765 di

1609 1780 1734 1818 mittat
1753 1781 1889 1819 delicta
1909 1792 1978 1819 ues

1609 1841 1667 1873 tra
1811 1835 1950 1884 ²⁶qu0d
1969 1834 2002 1873 si

1611 1901 1683 1927 uos
1703 1900 1784 1927 non
1803 1889 1992 1928 remittitis

1611 1955 1682 1982 nec
1702 1950 1810 1993 pater
1829 1950 1956 1981 uester
1974 1942 2042 1993 qui

1611 1998 1652 2035 in
1671 1997 1762 2035 celis
1782 2004 1839 2035 est
1859 1998 2025 2036 remittet

1612 2051 1726 2089 uobis
1745 2058 1908 2101 peccata
1927 2057 2057 2090 uestra

1613 2115 1739 2142 xxxvl
1756 2105 1848 2144 2⁷Et
1859 2107 1961 2144 uenit
1976 2119 2114 2144 rursus

2036 2157 2115 2213 [hie

1612 2213 1807 2264 rosolyma
1825 2220 1863 2252 et
1882 2226 1973 2253 cum

1613 2268 1874 2307 deambularet
1893 2269 1932 2306 in
1953 2275 2020 2307 te-

1612 2323 1678 2374 plo
1697 2329 1885 2361 uenerunt
1903 2322 1953 2361 ad
1972 2330 2049 2361 eu*

1615 2377 1797 2427 principis
1818 2377 1977 2415 sacerdo

1613 2438 1697 2469 tum
1715 2438 1752 2469 et
1772 2431 1920 2469 scribae
1939 2437 1977 2469 et
1997 2442 2039 2469 se

1613 2485 1740 2523 niores
1804 2485 1876 2523 ²⁸et
1896 2484 2028 2523 dicunt

1614 2539 1666 2577 illi
1685 2539 1725 2576 in
1746 2550 1823 2589 qua
1842 2545 2031 2589 potestate

1613 2592 1709 2631 haec
1728 2593 1822 2631 facis
1841 2599 1878 2631 et
1898 2593 1982 2643 quis
2002 2593 2029 2631 ti

1613 2648 1652 2685 bi
1672 2646 1771 2686 hanc
1789 2653 2018 2698 potestatem

1616 2701 1722 2740 dedit

1613 2755 1715 2793 ²⁹Ihs
1730 2762 1858 2794 autem
1874 2754 2114 2805 respondens

1615 2810 1666 2849 ait
1684 2810 1756 2848 illis
1774 2810 1970 2859 interrogo

1615 2876 1687 2903 uos
1710 2871 1748 2902 et
1766 2876 1842 2914 ego
1862 2875 1983 2902 unum
2001 2875 2070 2902 uer

1615 2920 1710 2957 bum
1731 2918 1959 2969 respondete
1978 2919 2031 2955 mi

1617 2972 1655 3011 hi
1676 2979 1714 3011 et
1733 2985 1808 3021 ego
1828 2972 1954 3011 dicam
1974 2971 2087 3010 uobis

2137 341 2186 381 In
2205 354 2282 393 qua
2300 349 2489 394 potestate
2509 342 2605 383 haec

2139 396 2239 435 facio

2138 450 2167 471 ³⁰
2175 449 2419 501 Baptismum
2437 451 2556 490 iohan

2139 504 2198 542 nis
2218 505 2265 543 de
2284 505 2391 543 caelo
2410 512 2468 544 est
2486 517 2537 544 an

2138 570 2188 596 ex
2208 558 2430 598 hominibus
2450 572 2512 598 res

2140 612 2308 661 pondete
2327 613 2421 651 mihi

2139 666 2235 703 ⁸¹Illi
2254 678 2347 705 uero
2365 668 2584 718 cogitabant

2143 719 2192 758 ad
2212 720 2379 758 inuicem
2399 722 2511 760 dicen

2141 781 2198 812 tes
2218 774 2310 824 quid
2329 775 2364 813 ei
2383 775 2574 825 responde

2141 840 2230 866 mus
2268 828 2300 866 si
2320 828 2528 868 dixerimus

2141 882 2189 920 de
2208 882 2316 921 caelo
2335 883 2437 921 dicet
2455 895 2509 922 no

2141 937 2201 974 bis
2220 948 2340 987 quare
2360 948 2440 975 non
2459 949 2523 976 cre

2141 990 2289 1029 didistis
2307 991 2342 1029 ei
2361 991 2427 1029 ³²si
2446 998 2576 1030 autem

2141 1044 2350 1083 dixerimus
2369 1057 2418 1083 ex
2438 1045 2545 1084 homi

2139 1099 2254 1137 nibus
2273 1099 2453 1138 timemus
2471 1112 2524 1150 po

2141 1152 2279 1203 pulum
2315 1165 2453 1192 omnes
2472 1154 2567 1192 eni*

2142 1207 2313 1246 sciebant
2331 1207 2541 1246 iohannem

2141 1273 2232 1300 uere
2251 1261 2482 1312 prophetam
2501 1274 2543 1301 es

2141 1327 2182 1354 se
2201 1315 2273 1353 ⁸⁸et
2291 1316 2574 1366 responderunt

2139 1369 2190 1408 ad
2209 1369 2289 1407 ihm
2309 1370 2482 1409 dicentes
2501 1382 2572 1408 nes

2141 1424 2267 1461 cimus

2140 1477 2192 1516 Et
2209 1476 2408 1528 respondit
2427 1477 2486 1516 ihs
2506 1478 2558 1516 ait

2141 1532 2213 1570 illis
2231 1543 2359 1582 neque
2379 1544 2455 1581 ego
2475 1531 2515 1570 di

2142 1598 2191 1624 co
2209 1587 2322 1624 uobis
2341 1586 2381 1624 in
2401 1597 2479 1635 qua
2498 1598 2551 1636 po

2142 1672 2300 1711 Testate
2319 1671 2415 1711 haec
2434 1671 2536 1711 facio

2143 1736 2287 1764 xxxva
2305 1726 2430 1765 12¹Et
2450 1728 2564 1777 coepit
2582 1726 2643 1764 ihs

2469 1778 2528 1834 [in
2537 1788 2644 1831 para

2144 1835 2244 1874 bolis
2262 1834 2370 1885 loqui
2388 1834 2460 1873 illis
2497 1835 2588 1873 uine

2145 1902 2210 1928 am
2230 1889 2436 1939 pastinauit
2454 1889 2575 1928 homo

2145 1950 2183 1982 et
2202 1943 2453 1983 circumdedit
2472 1951 2595 1994 sepe·

2145 2005 2183 2036 et
2203 1997 2298 2036 fodit
2317 1997 2483 2035 torcular
2500 2004 2538 2036 et

2145 2052 2363 2091 aedificauit
2380 2058 2524 2089 turrem

2146 2114 2184 2144 et
2202 2106 2343 2144 locauit
2363 2117 2450 2144 eam
2469 2105 2556 2144 colo

2147 2160 2206 2199 nis
2227 2167 2265 2199 et
2283 2160 2436 2210 pelegre
2455 2159 2588 2210 profec

2147 2222 2208 2253 tus
2227 2221 2286 2253 est

2147 2268 2218 2307 ²Et
2237 2269 2338 2307 misit
2358 2267 2407 2306 ad
2426 2267 2590 2307 colonos

2146 2322 2186 2361 in
2207 2330 2382 2372 tempore
2400 2333 2537 2360 seruus

2144 2382 2188 2415 ut
2207 2376 2341 2415 darent
2359 2376 2411 2413 illi
2429 2388 2478 2415 ex
2498 2376 2537 2413 ui

2145 2443 2220 2470 nea
2239 2429 2405 2468 fructum
2442 2429 2500 2468 ⁸et
2519 2429 2569 2468 ad

2145 2484 2382 2535 prehensum
2401 2495 2492 2522 eum

2147 2539 2368 2577 ceciderunt
2388 2545 2426 2577 et
2447 2539 2501 2575 mi

2146 2599 2278 2631 serunt
2296 2604 2464 2631 uacuum
2486 2591 2538 2631 ad

2147 2659 2240 2685 eum
2384 2647 2440 2684 ⁴et
2459 2646 2509 2684 ite

2148 2713 2235 2739 rum
2254 2700 2356 2738 misit
2375 2699 2425 2738 ad
2442 2700 2527 2738 illos

2148 2755 2267 2794 alium
2287 2765 2441 2792 seruum
2459 2760 2498 2791 et

2148 2809 2255 2847 illum
2275 2809 2314 2845 in
2334 2807 2459 2856 capite
2478 2806 2545 2844 uul

2149 2867 2380 2901 nerauerunt
2416 2866 2454 2898 et

2147 2914 2388 2955 contumeliis
2408 2913 2496 2951 adse

2148 2975 2281 3008 cerunt
2360 2968 2419 3006 ⁶et
2439 2967 2556 3006 alium
