2820 3334
470 215 520 262 78

466 300 548 331 1¹01.
567 300 647 331 153.

464 342 516 381 Et
536 343 698 381 mudum
718 355 811 382 cura

464 398 521 435 uit
539 403 582 435 ut
601 396 747 435 audiret
765 405 802 436 et
822 396 860 435 lo

463 458 646 502 queretur
906 448 965 502 [in

466 514 598 542 XXIIII
614 504 675 542 De
698 510 824 554 septem
845 511 967 554 panes

464 566 646 609 quattuor
665 559 770 597 milia
788 559 840 597 ho

464 613 615 651 minum

465 677 551 704 XXU
567 665 701 705 Cauete
718 680 742 705 a
746 667 937 717 fermento

465 721 730 772 phariseorum
750 728 787 760 et
807 733 851 759 ce

465 788 533 814 cus
552 775 647 814 dixit
667 775 782 814 uideo
801 775 854 813 ho

463 831 588 868 mines
608 831 704 869 sicut
723 831 881 868 arbores

464 894 565 922 XXUI
580 884 639 922 Et
655 885 763 922 dixit
784 883 843 921 ihs
862 896 965 933 quem

463 939 598 978 dicunt
617 938 794 977 homines
814 949 856 975 es
894 935 967 990 [me

464 1005 506 1032 se
526 995 593 1044 qui
612 993 678 1031 uul
696 1004 759 1031 me
780 992 888 1042 sequi

463 1047 573 1085 tollat
592 1058 747 1085 crucem
873 1043 967 1099 [επι-

464 1110 584 1138 XXUII
598 1100 657 1139 Et
681 1103 720 1138 in
749 1103 864 1138 monte
891 1101 987 1151 uisi·

464 1168 554 1194 cum
573 1155 653 1193 ihm
672 1166 829 1204 moyses
849 1160 886 1192 et

462 1209 582 1248 helias
829 1205 965 1260 [monio

464 1273 602 1301 XXUrrr
634 1262 804 1301 Puerum
845 1276 870 1300 a
907 1263 964 1301 de-

464 1318 668 1356 mundauit
687 1329 803 1367 quem

464 1371 640 1422 discipuli
659 1372 781 1410 eicere
800 1375 886 1409 no-

464 1432 675 1477 potuerunt
905 1421 969 1477 [ui

465 1490 523 1518 XX
526 1489 619 1516 UIIII
627 1478 966 1517 Dzlxz'teiiohannes

463 1535 591 1573 dimus
610 1534 808 1583 quendam
827 1533 862 1571 ei

463 1590 629 1627 cientem
649 1587 832 1626 demonia

464 1675 543 1723 Qui
563 1687 644 1714 non
664 1676 833 1726 sequitur

463 1730 669 1768 nobiscum
706 1736 744 1767 et
763 1729 812 1767 de

463 1796 584 1822 manu
603 1790 640 1822 et
659 1783 758 1833 pede
778 1789 815 1821 et
834 1794 909 1821 ocu

462 1838 501 1876 lo
520 1838 692 1876 eruendo

464 1902 551 1929 XXX
567 1891 659 1930 Non
678 1891 798 1930 debere
816 1891 927 1928 remit

463 1947 492 1985 ti
512 1958 672 1985 uxorem
692 1953 728 1984 et
749 1946 850 1984 susci

463 2013 556 2051 pere
576 2012 739 2051 regnum
759 1999 799 2037 di
818 1998 881 2038 uel

463 2062 506 2092 ut
524 2054 622 2092 insas
843 2053 965 2091 habe*

466 2119 573 2146 XXXI
593 2107 672 2155 Qui
675 2109 874 2157 pecuniam

466 2163 626 2202 difficele
646 2162 832 2199 intrabu-

465 2218 506 2256 in
526 2228 648 2267 regno
667 2216 851 2254 caeloru-

467 2280 591 2308 XXXII
607 2270 686 2317 Qui
694 2270 854 2307 uoluerit
866 2271 905 2307 in
920 2281 966 2307 uo

466 2326 526 2364 bis
545 2337 629 2363 esse
648 2325 796 2374 primus
814 2324 886 2362 erit

466 2380 644 2418 omnium
664 2390 797 2416 seruus

467 2443 610 2471 XXXIII
623 2432 811 2480 Quendam
822 2443 967 2469 caecum

466 2488 749 2527 marithimeam
768 2486 891 2524 sede·-

467 2549 546 2581 tem
568 2553 678 2581 secus
697 2541 798 2579 uiam
820 2540 860 2578 in

467 2595 668 2635 luminauit
686 2595 745 2633 ihs
841 2591 970 2648 [super

470 2659 629 2687 XXXIIII
644 2649 829 2689 Sede-ntem
849 2648 926 2687 ihm

468 2704 615 2754 pullum
635 2704 765 2742 asinae
784 2710 845 2741 tur

468 2758 542 2796 bae
561 2758 780 2796 clamabant
800 2769 845 2795 os

470 2823 594 2850 sanna

470 2874 584 2902 XXXU
602 2863 697 2903 Cum
718 2865 947 2903 malediceret

470 2919 530 2958 ihs
548 2920 726 2958 arborem
746 2919 841 2957 ficus

704 210 1122 252 EUANGELIUM
1141 210 1252 250 SEC

998 341 1050 379 Et
1068 341 1272 379 uindentes
1290 340 1384 379 eicie

999 396 1066 433 bat
1086 396 1134 433 de
1154 394 1298 444 templo

1000 458 1128 486 XXXUI
1140 448 1375 498 Baptz'smum
1388 449 1500 486 iolzan

999 505 1059 542 nis
1079 504 1127 542 de
1147 503 1257 542 caelo
1276 503 1346 541 fuit
1365 515 1415 541 an

999 570 1047 595 ex
1068 557 1292 596 hominibus
1381 555 1500 610 [Ionos

1000 621 1147 649 XXXUII
1162 610 1223 649 De
1242 613 1350 649 uinea
1368 616 1402 649 et
1417 624 1475 649 co-

999 666 1066 716 qui
1085 666 1308 704 occiderunt
1327 665 1376 703 he

999 720 1131 758 redem
1397 716 1504 772 [sunt

1000 783 1165 810 XXXIIIII
1180 773 1338 812 Reddzre
1355 786 1423 822 que
1442 773 1487 810 di

999 827 1053 866 do
1072 835 1110 865 et
1129 840 1230 878 quae
1250 828 1417 866 caesaris

998 882 1144 919 caesari
1408 878 1499 933 [tres

1000 945 1183 972 XXXUIIII
1198 934 1260 972 De
1272 939 1398 984 septem
1400 935 1499 986 fra-

999 1002 1065 1040 qui
1084 1001 1204 1027 unam
1224 1001 1388 1028 uxorem

1000 1044 1217 1081 habuerunt
1236 1050 1274 1081 et
1292 1043 1407 1093 dilige

998 1110 1038 1135 re
1058 1096 1124 1135 dm
1147 1105 1183 1135 et
1202 1098 1427 1147 proximum

1000 1161 1050 1188 XL
1067 1151 1126 1189 Et
1137 1165 1219 1189 cum
1234 1153 1497 1201 interrogare-

999 1206 1047 1245 de
1067 1209 1161 1255 xpm
1182 1206 1290 1245 cuius
1308 1205 1407 1243 filius

999 1261 1047 1299 sit
1066 1261 1160 1298 dixit
1180 1266 1313 1298 cauete
1333 1261 1382 1297 ab
1402 1259 1434 1297 is

997 1315 1110 1353 cribis
1331 1312 1499 1367 [uidua-

998 1378 1069 1405 XLI
1084 1368 1142 1406 Et
1158 1369 1333 1406 laudauit
1349 1368 1408 1406 z'h's

998 1435 1074 1472 que
1094 1422 1250 1461 miserat
1270 1422 1445 1472 quadra-

1000 1484 1076 1515 tem
1098 1478 1137 1514 in
1156 1477 1424 1526 gazophilacio

998 1540 1086 1568 XLII
1100 1530 1158 1568 Et
1174 1544 1255 1568 cum
1275 1532 1410 1568 diceret
1425 1531 1468 1568 de

997 1585 1145 1635 lapides
1163 1585 1297 1635 templi
1317 1585 1366 1623 de

1001 1671 1176 1722 Signauit
1196 1672 1444 1711 nouissimu-

996 1733 1150 1776 tempus

998 1789 1105 1817 XLIII
1120 1780 1179 1818 Et
1194 1781 1328 1819 mulier
1345 1780 1498 1830 quedam

998 1847 1088 1874 cum
1108 1834 1355 1884 perfunderet
1373 1834 1454 1872 ihm

997 1894 1197 1939 unguento
1217 1889 1310 1927 abiit
1329 1888 1438 1927 iudas

997 1950 1040 1981 ut
1058 1943 1222 1981 traderet
1237 1955 1326 1981 eum
1347 1952 1384 1981 et
1403 1947 1500 1980 ma-

998 1997 1155 2036 ducauit
1173 1997 1232 2035 ihs
1251 2009 1341 2035 cum
1361 1997 1420 2035 dis

998 2052 1136 2102 cipulis
1156 2052 1233 2090 suis
1253 2051 1402 2101 pascha

999 2115 1122 2143 XLIIII
1137 2105 1196 2144 Et
1211 2106 1315 2144 dixit
1333 2104 1392 2143 ihs
1409 2104 1476 2142 lzoc

1352 2157 1423 2212 [est
1438 2170 1501 2197 cor

998 2225 1073 2264 pus
1091 2226 1223 2253 meum
1243 2219 1282 2252 et
1301 2213 1458 2263 sanguis

1000 2280 1111 2307 meus
1130 2269 1197 2319 qui
1216 2279 1287 2318 pro
1307 2268 1436 2305 multis

1000 2322 1216 2361 effundetur
1376 2319 1501 2374 [petre

1002 2386 1079 2413 XLU
1092 2376 1151 2414 Et
1166 2388 1250 2414 cum
1269 2376 1430 2414 dzlxz'sset

1001 2436 1058 2468 ter
1076 2442 1138 2468 me
1158 2430 1319 2479 negabis

1002 2493 1094 2521 XLUI
1113 2483 1209 2523 Cum
1232 2484 1424 2521 duceretur
1441 2481 1501 2521 ihs

1000 2539 1051 2577 ad
1069 2539 1222 2589 caipam
1242 2537 1400 2588 quidam
1420 2549 1460 2575 se

1000 2592 1191 2642 quebatur
1210 2592 1372 2630 amictus
1392 2597 1464 2629 se*

1001 2647 1146 2686 donem
1164 2652 1203 2685 et
1222 2646 1358 2684 ductus
1381 2651 1439 2684 est

1001 2701 1060 2739 ihs
1079 2701 1130 2740 ad
1148 2700 1371 2751 passionem

1002 2765 1113 2793 XIUII
1128 2756 1226 2795 Post
1241 2766 1427 2792 resurrec-

1359 2805 1502 2861 [tione-

1002 2863 1178 2915 apparuit
1198 2862 1256 2901 ihs
1275 2862 1460 2912 apostolis

1001 2923 1045 2956 et‘
1058 2918 1154 2956 dixit
1173 2918 1240 2967 qui
1259 2916 1415 2955 credide

1003 2972 1051 3009 rit
1068 2979 1106 3009 et
1125 2971 1340 3021 baptizatus
1358 2970 1420 3008 fue

1002 3025 1048 3063 rit
1069 3025 1277 3063 saluabitur
1296 3025 1361 3073 qui

1303 3090 1399 3115 xxm

1957 209 2234 250 MARCUM

1569 298 1652 328 1¹01.
1667 297 1747 328 154.

1569 339 1663 379 Non
1683 338 1886 378 crediderit
1904 339 1987 378 da-

1568 394 1719 432 nauitur
1738 401 1776 431 et
1794 401 1971 444 receptus

1567 455 1632 498 est·
1644 449 1684 486 in
1703 447 1792 486 celis
1811 447 1909 486 dms·

1671 554 1966 595 CAPITULA

1672 662 1959 702 EUANGELI

1648 770 1990 811 SECUNDUM

1693 879 1940 919 MARCUM

1674 986 1976 1026 EXPLICIT

1588 1094 1827 1146 INCIPIT(
1855 1094 2034 1146 EUAN(

1649 1203 1992 1243 SECUNDUM

1693 1310 1939 1351 MARCUM

1566 1678 1587 1706 I
1608 1669 1647 1706 11
1668 1668 1829 1707 Initium
1848 1670 2038 1719 euangelii

1567 1723 1634 1762 iliu
1653 1724 1807 1773 ijz‘filz'
1821 1724 1866 1761 ἅτ’
1879 1725 1997 1762 ²sicut

1566 1779 1743 1816 scribtum
1763 1783 1817 1816 est
1832 1779 1873 1816 in
1892 1792 1909 1816 e

1566 1834 1642 1870 seia
1654 1834 1837 1883 propheta
1874 1846 1912 1870 ec

1621 1901 1658 1926 ce
1676 1889 1779 1925 mitto
1797 1888 1964 1935 angelu-

1620 1953 1753 1979 meum
1772 1948 1861 1979 ante
1881 1947 1919 1979 te

1622 2002 1660 2034 et
1679 2002 1767 2033 ante
1786 1994 1923 2033 faciem

1621 2056 1727 2088 tuam
1748 2049 1815 2100 qui
1834 2061 1955 2099 prepa

1621 2105 1720 2142 rauit
1739 2105 1843 2141 uiam
1862 2107 1960 2141 tua·-

1622 2164 1711 2197 ante
1731 2165 1768 2196 te
1841 2157 1940 2195 ³uox

1622 2212 1822 2251 clamantis
1841 2211 1881 2249 in
1900 2211 1948 2249 de

1623 2273 1724 2305 serto
1744 2271 1877 2316 parate
1895 2265 1991 2304 uia‘

1622 2321 1688 2359 dni
1707 2327 1831 2359 rectas
1850 2319 1923 2358 faci

1622 2381 1660 2412 te
1681 2376 1837 2413 semitas
1856 2373 1897 2412 di
1915 2385 1989 2413 nos

1622 2429 1670 2466 tri

1568 2482 1677 2520 ⁴Fuit
1696 2481 1886 2520 iohannes
1905 2481 1945 2519 in
1964 2480 2013 2520 de

1569 2544 1672 2575 serto
1691 2535 1889 2586 baptizans

1569 2597 1606 2629 et
1626 2590 1828 2640 predicans
1848 2589 1926 2639 bap

1569 2645 1725 2683 tisinum
1745 2643 1899 2694 peniten

1570 2699 1644 2737 tiae
1663 2699 1703 2736 in
1722 2697 1898 2736 remissio

1569 2765 1658 2791 nem
1679 2756 1917 2803 peccatoru'

1568 2807 1639 2846 ⁶Et
1657 2806 1925 2857 egrediebatur

1569 2861 1618 2900 ad
1638 2862 1744 2899 illum
1764 2860 1892 2898 omnis

1569 2916 1676 2966 regio
1695 2914 1831 2953 iudeae
1851 2919 1890 2952 et
1908 2924 1973 2951 om

2430 208 2475 263 [1.
2499 226 2599 261 1-15.

2102 339 2184 378 Nes
2203 339 2451 390 hierosolymi

2101 401 2163 432 tae
2182 401 2220 432 et
2239 395 2472 445 baptizabun

2101 455 2162 486 tur
2181 448 2230 486 ab
2250 449 2314 486 illo
2334 449 2373 486 in
2394 448 2503 487 iorda

2100 514 2178 540 nen
2197 502 2424 541 confitentes
2443 514 2515 553 pec

2101 562 2186 594 cata
2205 568 2276 594 sua

2101 610 2215 648 “Erat
2232 617 2361 648 autem
2380 609 2498 649 iohan

2101 675 2171 701 nes
2190 663 2343 702 indutus
2362 664 2460 714 pilos
2480 676 2527 703 ca

2101 717 2205 756 melli
2241 724 2280 755 et
2298 718 2468 757 lucustas

2101 778 2139 809 et
2158 771 2235 809 mel
2255 772 2451 810 siluestrae

2102 825 2221 864 edens
2239 826 2327 876 ⁷qui
2345 826 2570 876 predicabat

2102 880 2235 917 dicens

2101 933 2190 983 Ego
2209 932 2365 983 quidem
2383 932 2539 983 baptizo

2100 999 2175 1026 uos
2194 988 2234 1024 in
2253 998 2395 1038 aquam
2414 987 2506 1024 ueni

2101 1047 2140 1080 et
2158 1041 2290 1080 fortior
2309 1053 2372 1078 me
2410 1041 2519 1079 cuius

2101 1107 2182 1133 non
2202 1107 2289 1133 sum
2308 1094 2450 1144 dignus

2102 1150 2251 1188 soluere
2272 1149 2437 1198 corrigia

2102 1204 2446 1242 calciamentorum

2102 1258 2185 1296 eius
2204 1257 2303 1307 8ipse
2323 1269 2396 1295 uos
2415 1255 2570 1306 baptiza

2101 1312 2157 1349 uit
2176 1312 2217 1349 in
2236 1314 2310 1360 spu
2329 1315 2397 1349 sco

2101 1365 2283 1404 ”Factum
2303 1372 2360 1403 est
2378 1370 2508 1403 autem
2527 1363 2568 1402 in

2102 1420 2174 1458 illis
2194 1420 2328 1458 diebus
2346 1419 2451 1456 uenit

2101 1474 2160 1512 ihs
2179 1486 2202 1511 a
2219 1472 2412 1511 nazareth·
2435 1472 2513 1522 gali

2101 1528 2184 1566 leae
2222 1534 2259 1565 et
2277 1527 2491 1576 baptizatus

2102 1588 2160 1621 est
2178 1582 2219 1619 in
2238 1581 2455 1620 iordannen

2102 1669 2152 1707 ab
2171 1667 2381 1707 iohannem
2450 1664 2602 1719 [aqua·‘

2101 1722 2336 1761 1⁰Ascendes
2355 1727 2483 1760 autem
2503 1721 2552 1759 de

2102 1777 2197 1815 uidit
2216 1782 2370 1827 apertos
2390 1775 2519 1814 caelos

2101 1838 2140 1870 et
2158 1834 2246 1880 spm
2265 1837 2451 1880 tanquam
2470 1841 2519 1868 co

2102 1886 2277 1923 lumbam
2297 1883 2521 1923 descende·-

2101 1946 2181 1978 tem
2200 1951 2316 1988 super
2334 1938 2440 1976 illum
2460 1944 2497 1976 et

2101 1999 2323 2031 manentem

2100 2048 2187 2086 nEt
2206 2059 2284 2085 uox
2305 2046 2353 2085 de
2372 2044 2488 2084 caelis
2503 2051 2544 2083 tu
2558 2056 2601 2083 es

2154 2102 2256 2139 filius
2274 2112 2386 2140 meus
2405 2099 2502 2137 caris

2156 2156 2276 2194 simus
2296 2156 2336 2193 in
2355 2161 2392 2192 te
2412 2152 2555 2203 conpla

2155 2210 2217 2248 cui
2505 2204 2602 2260 [eu-

2100 2263 2185 2301 ¹²Et
2204 2262 2377 2313 protinus
2396 2264 2463 2311 sps
2481 2260 2564 2298 tulit

2100 2317 2141 2355 in
2160 2317 2312 2355 deserto

2101 2371 2128 2392 ¹³
2137 2371 2184 2409 Et
2204 2377 2284 2409 erat
2301 2370 2341 2407 in
2360 2368 2513 2407 deserto
2538 2367 2599 2407 die

2100 2425 2185 2463 bus·
2206 2437 2269 2463 XL·
2290 2431 2327 2462 et
2346 2423 2545 2473 temptaba

2101 2486 2162 2518 tur
2181 2491 2204 2516 a
2224 2484 2358 2516 satana
2376 2483 2415 2515 et
2433 2482 2515 2515 erat

2100 2545 2191 2573 curn
2210 2532 2352 2570 besteis
2370 2537 2409 2570 et
2430 2542 2531 2581 ange

2101 2588 2126 2625 li
2146 2586 2414 2625 ministrabant
2433 2585 2468 2623 ei

2101 2641 2170 2678 11¹⁴
2188 2640 2248 2680 Et
2257 2644 2451 2691 postquam
2470 2642 2553 2676 tra·

2480 2689 2599 2744 [dctus

2101 2755 2159 2788 est
2176 2749 2364 2788 iohannes
2382 2746 2487 2784 uenit

2100 2803 2161 2841 ihs
2179 2803 2219 2840 in
2238 2801 2414 2852 galileam
2434 2810 2503 2849 pre

2101 2858 2235 2896 dicans
2254 2853 2497 2903 euangelium

2099 2910 2141 2949 di
2267 2908 2434 2947 ¹⁶dicens
2453 2917 2534 2957 quo

2099 2964 2205 3002 niam
2224 2961 2418 3012 adinpleta
2437 2965 2513 2999 su‘
