2820 3334
440 184 455 210 1
462 185 512 211 oz
1033 174 1495 215 PALIMPSESTUS
1538 175 1583 213 F
1577 177 1613 214 L
1620 175 1758 215 ORIA
1768 176 1982 218 CENSIS

491 311 601 350 Folio
625 314 699 349 128
1209 324 1397 352 Ems‘rom
1425 311 1632 367 1onANN[1s
1659 311 1800 367 PRmA]

1261 399 1299 451 (1
1325 399 1377 439 St.
1396 400 1501 452 John
1521 402 1543 439 i.
1565 402 1657 441 8-ii.
1683 403 1750 457 11)

798 501 811 511 ι
1442 494 1479 512 on

816 520 954 558 Rimus
983 520 1167 570 quoniam
1196 527 1400 571 peccatum
1429 525 1457 560 fi
1487 521 1675 559 habemus
1708 522 1813 572 ipsos
1843 534 1916 561 nos
1946 534 2010 561 ese
2033 522 2208 562 ducimus

813 581 852 613 et
870 574 1010 612 ueritas
1030 574 1069 612 in
1089 574 1201 614 nobis
1221 587 1302 613 non
1321 583 1390 613 est·
1411 575 1467 613 ⁹si
1487 575 1741 614 confiteamur
1758 583 1918 627 peccata
1938 588 2009 615 nos
2031 584 2086 615 tra
2105 577 2181 615 fide

812 628 857 667 lis
887 635 924 666 et
951 628 1074 666 iustus
1103 634 1144 667 ut
1172 629 1365 667 remittam
1394 630 1508 668 nobis
1537 636 1696 679 peccata
1724 637 1762 668 et
1791 637 1929 681 purget
1961 643 2014 669 no
2037 643 2055 669 s
2083 631 2134 669 ab
2162 643 2229 669 om

812 683 853 720 ni
891 682 1102 733 iniquitate·
1136 682 1166 705 ¹⁰
1177 683 1284 733 quod
1317 683 1349 722 si
1387 684 1607 722 dixerimus·
1641 684 1748 734 quod
1778 697 1860 724 non
1892 697 2010 735 pecca
2033 685 2159 723 uimus

811 737 1043 775 mendacem
1075 737 1260 776 faciemus
1290 750 1380 776 eum
1411 745 1449 776 et
1483 738 1648 776 uerbum
1684 739 1766 777 eius
1804 751 1886 778 non
1919 746 1977 778 est
2035 740 2075 776 in
2104 739 2218 778 nobis

811 790 925 829 ii¹fili
947 791 1025 830 mei
1045 790 1139 870 ὴῖεε
1159 791 1300 830 iseribo
1325 792 1438 831 uobis
1464 805 1514 831 ne
1540 792 1706 843 peccetis
1725 800 1763 832 et
1782 794 1815 832 si
1834 794 1920 844 quis
1939 805 2009 844 pec
2033 793 2175 832 canerit

811 879 1045 918 aduocatum
1101 879 1261 917 abemus
1308 885 1401 928 aput
1451 886 1602 929 patrem
1653 879 1720 918 ihu
1765 883 1862 930 xpm
1908 877 2072 1041 iustussm
2117 879 2182 918 ²et
2227 880 2310 930 ipse

814 939 872 972 est
918 933 1092 971 exoratio
1138 943 1211 982 pro
1258 933 1426 982 peccatis
1473 934 1612 972 nostris
1659 946 1742 972 non
1788 935 1860 987 pr'o
1906 941 2014 973 nostr
2035 935 2067 972 is
2114 940 2245 972 autem

810 993 962 1026 tantum
992 986 1060 1025 sed
1088 992 1125 1025 et
1152 998 1225 1036 pro
1254 987 1371 1026 totius
1396 988 1538 1026 saeculi
1558 987 1622 1027 ³et
1647 988 1687 1026 in
1714 988 1790 1027 hoc
1810 988 1967 1028 iscimus
1987 1001 2012 1039 q

1343 1048 1363 1066 a

761 1092 800 1114 10
813 1074 1073 1125 cognobimus
1105 1086 1196 1113 eum
1231 1074 1263 1113 si
1300 1075 1482 1122 mendata
1514 1076 1596 1114 eius
1627 1076 1826 1115 serbemus
1858 1076 1950 1126 ⁴qui
1984 1076 2095 1114 dicit
2122 1087 2164 1114 se
2192 1077 2247 1114 sci

809 1143 851 1169 re
887 1142 978 1168 eum
1005 1135 1044 1168 et
1072 1129 1255 1167 mandata
1285 1129 1367 1168 eius
1394 1142 1474 1170 non
1505 1131 1634 1169 serbat
1660 1129 1823 1169 mendas
1856 1137 1914 1169 est
1941 1130 1982 1168 in
2031 1142 2079 1169 eo
2107 1130 2248 1169 ueritas

1721 1191 1737 1208 e

810 1229 892 1256 non
920 1223 992 1256 est·
1018 1215 1139 1254 ⁸⁵nam
1171 1216 1238 1267 qui
1271 1216 1437 1255 custodit
1466 1229 1629 1256 ueruum
1658 1191 1719 1256 uer
1738 1218 1778 1255 in
1811 1218 1886 1257 hoc
1916 1218 2009 1256 carit
2032 1229 2075 1256 as
2103 1217 2143 1255 di
2177 1230 2247 1267 per

810 1272 909 1311 fecta
935 1277 994 1310 est
1020 1271 1060 1309 in
1087 1271 1163 1309 hoc
1190 1270 1349 1350 iscimug
1375 1272 1562 1321 quoniam
1582 1272 1622 1309 in
1642 1283 1690 1310 eo
1710 1283 1844 1311 sumus
1863 1272 1954 1323 ⁶qui
1974 1273 2011 1310 di
2034 1272 2085 1310 cit
2106 1284 2146 1310 se
2166 1272 2207 1310 in
2226 1284 2274 1310 eo

810 1371 970 1397 manere
1016 1358 1130 1396 debet
1175 1357 1522 1408 quemammodum
1559 1357 1620 1395 ille
1667 1358 1881 1396 amuulabit
1927 1364 1964 1396 et
2010 1356 2112 1465 {ipse
2153 1370 2218 1396 am

810 1413 943 1452 bulare
982 1412 1194 1452 “carissimi
1239 1424 1321 1450 non
1368 1412 1516 1450 nobum
1561 1411 1789 1450 mandatum
1834 1412 1963 1451 scribo
2029 1412 2141 1451 uobis
2187 1413 2255 1451 sed

811 1500 1083 1549 mandatatum
1128 1506 1239 1539 uetus
1294 1465 1412 1550 qugrtii
1468 1498 1653 1537 habuistis
1699 1500 1750 1537 ab
1804 1498 1912 1537 initio
1968 1496 2215 1605 andatum

806 1562 919 1594 uetus
965 1562 1024 1594 est
1069 1555 1235 1593 uerbum
1281 1553 1390 1611 quod
1445 1553 1603 1592 audistis
1647 1552 1810 1591 ⁸iterum
1861 1552 2006 1591 manda
2027 1559 2109 1591 tum
2151 1560 2289 1591 nouu-

1271 1611 1325 1632 ent
1410 1615 1474 1633 rum
1778 1611 1780 1613 v

808 1641 950 1680 iscribo
982 1641 1098 1679 uobis
1127 1641 1235 1691 quod
1268 1647 1326 1690 est
1356 1653 1447 1690 uere
1479 1641 1519 1678 in
1552 1640 1639 1691 ipso
1671 1646 1709 1678 et
1738 1640 1779 1678 in
1811 1640 1923 1678 nobis
1953 1637 2161 1857 qssoniam
2191 1646 2278 1678 tene

2034 989 2194 1027 uoniam

809 1696 903 1734 brae
949 1695 1028 1733 iam
1073 1701 1284 1733 transeunt·
1341 1702 1380 1734 et
1426 1696 1558 1733 lumen
1603 1706 1739 1732 uerum
1789 1694 1868 1732 iam
1922 1694 2045 1732 lucet
2091 1694 2186 1744 ⁹qui
2233 1694 2325 1733 dicit
2371 1706 2413 1734 se

756 1751 851 1789 zoin
888 1750 1033 1788 lumine
1069 1761 1154 1788 esse
1198 1756 1236 1787 et
1274 1749 1430 1788 fratrem
1477 1760 1589 1787 suum
1635 1748 1743 1787 hodit
1788 1749 1829 1787 in
1874 1748 2062 1787 tenebris
2100 1754 2158 1787 est
2194 1760 2278 1798 usq·
2318 1749 2369 1788 ad

806 1804 882 1842 huc
911 1803 940 1825 ¹⁰
951 1815 1044 1842 nam
1073 1803 1142 1854 qui
1170 1803 1292 1853 diligit
1325 1803 1483 1842 fratrem
1515 1815 1627 1841 suum
1657 1803 1697 1840 in
1725 1802 1873 1841 lumine
1897 1815 2005 1853 perm
2030 1810 2119 1840 anet
2148 1809 2185 1841 et
2213 1808 2309 1841 sca-

806 1858 939 1897 dalum
970 1858 1010 1895 in
1039 1870 1088 1896 eo
1125 1870 1206 1896 non
1237 1864 1308 1896 est·
1338 1857 1365 1879 ¹¹
1378 1858 1446 1908 qui
1478 1864 1609 1896 autem
1637 1856 1746 1896 hodit
1777 1857 1933 1895 fratrem
1963 1856 2097 1964 suFm
2127 1857 2167 1894 in
2195 1862 2284 1895 tene

806 1913 886 1951 bris
918 1918 977 1951 est
1006 1918 1044 1951 et
1074 1912 1114 1950 in
1147 1913 1314 1951 tenebris
1351 1912 1524 1951 ambulat
1560 1917 1599 1950 et
1635 1924 1717 1951 non
1755 1911 1827 1950 scit
1863 1911 1930 1949 ubi
1959 1917 2043 1949 eat
2074 1911 2260 1961 quoniam

513 2012 536 2044 1.
558 2020 584 2044 1.
608 2019 647 2045 n:
672 2016 833 2054 superscr.
850 2020 893 2041 on
908 2010 959 2042 71⁸.
1137 2015 1166 2051 7.
1192 2009 1348 2042 abemus:
1371 2008 1516 2041 correxit
1530 2008 1580 2041 h‘.
1767 2017 1817 2040 10.
1841 2007 2017 2039 mendata:
2042 2007 2187 2039 correxit
2201 2005 2254 2039 Ιι*.
2431 2016 2482 2040 12.
2506 2018 2566 2040 ue:

426 2057 570 2089 correxit
584 2055 632 2088 lz‘.
822 2063 874 2095 14.
898 2053 1215 2096 quemammodum:
1240 2053 1384 2085 correxit
1398 2053 1447 2084 lz‘.
1636 2051 1687 2084 16.
1710 2052 1960 2084 mandatatum:
1985 2051 2127 2083 correxit
2141 2051 2191 2084 lc'.
2244 2060 2360 2093 quem:
2383 2061 2401 2083 e
2417 2052 2569 2084 mutauit

427 2101 467 2131 in
482 2110 514 2137 o,
526 2103 557 2132 et
573 2099 596 2131 d
610 2103 711 2141 super
723 2109 757 2130 m
766 2098 883 2140 posuit
897 2098 947 2130 lc‘.
1106 2097 1156 2129 18.
1179 2101 1228 2130 est
1244 2107 1340 2130 uere:
1364 2095 1508 2128 correxit
1521 2095 1563 2128 Ιι*
1578 2096 1639 2128 uel
1648 2096 1697 2128 12⁸.

482 2230 593 2270 Folio
617 2231 692 2268 128
713 2242 819 2267 uerso
1213 2238 1403 2266 EPISTOLA
1431 2237 1620 2266 1ouANN1s
1647 2237 1769 2263 PRIMA

1262 2323 1300 2376 (1
1325 2324 1380 2363 St.
1398 2323 1503 2376 John
1524 2324 1560 2363 ii.
1586 2322 1736 2375 11-23)

806 2422 1034 2478 Tene]brae
1079 2424 1409 2472 obscaecauerunt
1455 2421 1588 2461 oculos
1634 2422 1717 2460 eius
1762 2420 1791 2442 ¹²
1809 2421 1952 2459 iscribo
1999 2420 2112 2459 uobis
2158 2420 2211 2458 fili

1250 2480 1262 2501 t

806 2513 884 2550 mei
912 2512 979 2563 qui
1002 2524 1024 2550 a
1052 2511 1130 2550 iam
1162 2511 1390 2549 remituntur
1418 2510 1531 2548 uobis
1569 2515 1731 2560 peccata
1766 2514 1921 2559 propter
1959 2519 2104 2546 nomen
2132 2507 2215 2546 eius

805 2567 988 2605 ¹³iscribo
1047 2565 1161 2604 uobis
1198 2571 1327 2615 patres
1364 2564 1549 2614 quoniam
1586 2562 1823 2613 cognouistis
1859 2562 1966 2612 quod
2002 2568 2082 2600 erat
2118 2562 2169 2600 ab
2201 2562 2213 2599 i

805 2622 902 2660 nitio
957 2620 989 2658 is
1012 2620 1118 2658 cribo
1172 2619 1286 2658 uobis
1340 2618 1498 2657 iuuenes
1552 2617 1738 2668 quoniam
1794 2617 1938 2655 uicistis
1997 2616 2212 2666 malignum

806 2672 965 2727 iscribo]
1006 2674 1116 2713 uobis
1153 2673 1262 2724 pueri
1298 2673 1485 2724 quoniam
1531 2671 1767 2722 cognouistis
1804 2677 1954 2721 patrem
1991 2670 2020 2691 ¹⁴
2031 2671 2124 2721 quia
2160 2682 2209 2709 co

805 2730 961 2781 gnouist
983 2728 1014 2767 is
1051 2740 1142 2767 eum
1179 2728 1246 2779 qui
1283 2734 1341 2766 est
1377 2728 1428 2766 ab
1475 2726 1582 2765 initio
1629 2726 1757 2765 scribo
1795 2725 1909 2763 uobis
1945 2724 2210 2763 adulescentes

807 2784 955 2835 quonia
976 2795 1016 2820 m
1054 2783 1170 2821 fortes
1207 2782 1299 2821 estis
1340 2788 1379 2821 et
1414 2781 1577 2819 uerbum
1624 2780 1665 2819 di
1703 2780 1743 2818 in
1788 2780 1902 2818 uobis
1939 2785 2139 2829 permanet
2175 2784 2213 2816 et

807 2838 952 2876 uicistis
998 2837 1212 2887 malignum
1241 2835 1269 2857 ¹¹⁵
1283 2836 1401 2875 nolite
1428 2836 1586 2886 diligere
1614 2834 1787 2874 seculum
1815 2845 1890 2872 nee
1917 2845 1964 2872 ea
1991 2844 2090 2883 quae
2119 2838 2209 2871 sunt

775 2935 798 2967 1.
819 2944 846 2967 1.
869 2935 1127 2968 obeaeeauerunt
1144 2934 1192 2967 12⁸.
1282 2934 1396 2976 fi1i0[li
1411 2933 1460 2966 12⁵.
1797 2940 1826 2964 2.
1850 2930 2056 2963 remittuntur
2069 2929 2109 2961 h·
2123 2927 2181 2961 uel
2191 2924 2242 2959 hb.
