<?xml version="1.0" encoding="UTF-8"?>
<!DOCTYPE html PUBLIC "-//W3C//DTD XHTML 1.0 Transitional//EN"
    "http://www.w3.org/TR/xhtml1/DTD/xhtml1-transitional.dtd">
<html xmlns="http://www.w3.org/1999/xhtml" xml:lang="en" lang="en">
 <head>
  <title>
</title>
<meta http-equiv="Content-Type" content="text/html;charset=utf-8" />
  <meta name='ocr-system' content='tesseract 3.04.00' />
  <meta name='ocr-capabilities' content='ocr_page ocr_carea ocr_par ocr_line ocrx_word'/>
</head>
<body>
  <div class='ocr_page' id='page_1' title='image "./fourgospelsfromc00bibluoft_0098.png"; bbox 0 0 2820 3334; ppageno 0'>
   <div class='ocr_carea' id='block_1_1' title="bbox 496 205 545 241">
    <p class='ocr_par' dir='ltr' id='par_1_1' title="bbox 496 205 545 241">
     <span class='ocr_line' id='line_1_1' title="bbox 496 205 545 241; baseline -0.041 0"><span class='ocrx_word' id='word_1_1' title='bbox 496 205 545 241; x_wconf 90' lang='lat'>82</span> 
     </span>
    </p>
   </div>
   <div class='ocr_carea' id='block_1_2' title="bbox 495 289 834 370">
    <p class='ocr_par' dir='ltr' id='par_1_2' title="bbox 495 289 834 370">
     <span class='ocr_line' id='line_1_2' title="bbox 495 289 672 320; baseline -0.006 0"><span class='ocrx_word' id='word_1_2' title='bbox 495 290 580 320; x_wconf 73' lang='lat'><strong>1¹01.</strong></span> <span class='ocrx_word' id='word_1_3' title='bbox 596 289 672 319; x_wconf 83' lang='lat'>161.</span> 
     </span>
     <span class='ocr_line' id='line_1_3' title="bbox 497 332 834 370; baseline -0.006 0"><span class='ocrx_word' id='word_1_4' title='bbox 497 332 724 370; x_wconf 87' lang='lat' dir='ltr'>Mensuram</span> <span class='ocrx_word' id='word_1_5' title='bbox 743 343 834 369; x_wconf 91' lang='lat' dir='ltr'>men</span> 
     </span>
    </p>
   </div>
   <div class='ocr_carea' id='block_1_3' title="bbox 494 385 999 1628">
    <p class='ocr_par' dir='ltr' id='par_1_3' title="bbox 496 385 873 424">
     <span class='ocr_line' id='line_1_4' title="bbox 496 385 873 424; baseline -0.005 0"><span class='ocrx_word' id='word_1_6' title='bbox 496 387 528 424; x_wconf 90' lang='lat' dir='ltr'>si</span> <span class='ocrx_word' id='word_1_7' title='bbox 549 386 692 424; x_wconf 89' lang='lat' dir='ltr'>fueritis</span> <span class='ocrx_word' id='word_1_8' title='bbox 711 385 873 423; x_wconf 88' lang='lat' dir='ltr'>remittie</span> 
     </span>
    </p>

    <p class='ocr_par' dir='ltr' id='par_1_4' title="bbox 495 439 947 532">
     <span class='ocr_line' id='line_1_5' title="bbox 495 439 947 479; baseline -0.007 0"><span class='ocrx_word' id='word_1_9' title='bbox 495 447 556 479; x_wconf 92' lang='lat' dir='ltr'>tur</span> <span class='ocrx_word' id='word_1_10' title='bbox 574 440 687 479; x_wconf 86' lang='lat' dir='ltr'>uobis</span> <span class='ocrx_word' id='word_1_11' title='bbox 707 447 744 478; x_wconf 93' lang='lat' dir='ltr'>et</span> <span class='ocrx_word' id='word_1_12' title='bbox 763 439 947 477; x_wconf 83' lang='lat' dir='ltr'>adicietur</span> 
     </span>
     <span class='ocr_line' id='line_1_6' title="bbox 495 494 609 532; baseline -0.009 0"><span class='ocrx_word' id='word_1_13' title='bbox 495 494 609 532; x_wconf 90' lang='lat' dir='ltr'>uobis</span> 
     </span>
    </p>

    <p class='ocr_par' dir='ltr' id='par_1_5' title="bbox 494 546 996 803">
     <span class='ocr_line' id='line_1_7' title="bbox 495 546 996 595; baseline -0.004 -9"><span class='ocrx_word' id='word_1_14' title='bbox 495 547 714 595; x_wconf 82' lang='lat' dir='ltr'>2¹⁵Quienim</span> <span class='ocrx_word' id='word_1_15' title='bbox 722 546 996 586; x_wconf 88' lang='lat' dir='ltr'>habetdabitur</span> 
     </span>
     <span class='ocr_line' id='line_1_8' title="bbox 495 601 954 652; baseline -0.002 -12"><span class='ocrx_word' id='word_1_16' title='bbox 495 603 549 640; x_wconf 88' lang='lat' dir='ltr'>illi</span> <span class='ocrx_word' id='word_1_17' title='bbox 568 602 635 652; x_wconf 92' lang='lat' dir='ltr'>qui</span> <span class='ocrx_word' id='word_1_18' title='bbox 655 608 784 640; x_wconf 91' lang='lat' dir='ltr'>autem</span> <span class='ocrx_word' id='word_1_19' title='bbox 803 613 883 639; x_wconf 90' lang='lat' dir='ltr'>non</span> <span class='ocrx_word' id='word_1_20' title='bbox 903 601 954 639; x_wconf 92' lang='lat' dir='ltr'>ha</span> 
     </span>
     <span class='ocr_line' id='line_1_9' title="bbox 494 655 954 706; baseline -0.002 -11"><span class='ocrx_word' id='word_1_21' title='bbox 494 658 561 695; x_wconf 92' lang='lat' dir='ltr'>bet</span> <span class='ocrx_word' id='word_1_22' title='bbox 588 663 624 695; x_wconf 91' lang='lat' dir='ltr'>et</span> <span class='ocrx_word' id='word_1_23' title='bbox 644 655 750 706; x_wconf 92' lang='lat' dir='ltr'>quod</span> <span class='ocrx_word' id='word_1_24' title='bbox 768 655 885 694; x_wconf 88' lang='lat' dir='ltr'>habet</span> <span class='ocrx_word' id='word_1_25' title='bbox 905 668 954 694; x_wconf 90' lang='lat' dir='ltr'>au</span> 
     </span>
     <span class='ocr_line' id='line_1_10' title="bbox 495 710 936 749; baseline 0 -1"><span class='ocrx_word' id='word_1_26' title='bbox 495 710 635 749; x_wconf 76' lang='lat' dir='ltr'>feretur</span> <span class='ocrx_word' id='word_1_27' title='bbox 653 711 703 749; x_wconf 91' lang='lat' dir='ltr'>ab</span> <span class='ocrx_word' id='word_1_28' title='bbox 722 710 788 748; x_wconf 91' lang='lat' dir='ltr'>illo</span> <span class='ocrx_word' id='word_1_29' title='bbox 806 710 877 749; x_wconf 76' lang='lat' dir='ltr'>²⁶et</span> <span class='ocrx_word' id='word_1_30' title='bbox 896 710 936 748; x_wconf 91' lang='lat' dir='ltr'>di</span> 
     </span>
     <span class='ocr_line' id='line_1_11' title="bbox 495 766 615 803; baseline -0.008 0"><span class='ocrx_word' id='word_1_31' title='bbox 495 766 615 803; x_wconf 88' lang='lat' dir='ltr'>cebat</span> 
     </span>
    </p>

    <p class='ocr_par' dir='ltr' id='par_1_6' title="bbox 496 818 996 1020">
     <span class='ocr_line' id='line_1_12' title="bbox 499 818 996 869; baseline -0.002 -12"><span class='ocrx_word' id='word_1_32' title='bbox 499 819 561 857; x_wconf 92' lang='lat' dir='ltr'>Sic</span> <span class='ocrx_word' id='word_1_33' title='bbox 576 825 634 857; x_wconf 91' lang='lat' dir='ltr'>est</span> <span class='ocrx_word' id='word_1_34' title='bbox 648 830 810 868; x_wconf 88' lang='lat' dir='ltr'>regnum</span> <span class='ocrx_word' id='word_1_35' title='bbox 829 818 871 857; x_wconf 78' lang='lat' dir='ltr'>di</span> <span class='ocrx_word' id='word_1_36' title='bbox 891 823 996 869; x_wconf 71' lang='lat' dir='ltr'>que-</span> 
     </span>
     <span class='ocr_line' id='line_1_13' title="bbox 496 873 904 912; baseline 0 -1"><span class='ocrx_word' id='word_1_37' title='bbox 496 873 710 912; x_wconf 90' lang='lat' dir='ltr'>admodum</span> <span class='ocrx_word' id='word_1_38' title='bbox 731 873 762 912; x_wconf 94' lang='lat' dir='ltr'>si</span> <span class='ocrx_word' id='word_1_39' title='bbox 783 873 904 911; x_wconf 92' lang='lat' dir='ltr'>homo</span> 
     </span>
     <span class='ocr_line' id='line_1_14' title="bbox 496 928 909 977; baseline -0.002 -12"><span class='ocrx_word' id='word_1_40' title='bbox 496 928 621 966; x_wconf 91' lang='lat' dir='ltr'>mittat</span> <span class='ocrx_word' id='word_1_41' title='bbox 641 939 775 965; x_wconf 92' lang='lat' dir='ltr'>semen</span> <span class='ocrx_word' id='word_1_42' title='bbox 795 940 909 977; x_wconf 92' lang='lat' dir='ltr'>super</span> 
     </span>
     <span class='ocr_line' id='line_1_15' title="bbox 496 981 929 1020; baseline 0 -1"><span class='ocrx_word' id='word_1_43' title='bbox 496 989 636 1020; x_wconf 89' lang='lat' dir='ltr'>terram</span> <span class='ocrx_word' id='word_1_44' title='bbox 673 981 746 1020; x_wconf 86' lang='lat' dir='ltr'>²⁷et</span> <span class='ocrx_word' id='word_1_45' title='bbox 764 981 929 1020; x_wconf 89' lang='lat' dir='ltr'>dormiat</span> 
     </span>
    </p>

    <p class='ocr_par' dir='ltr' id='par_1_7' title="bbox 497 1042 872 1085">
     <span class='ocr_line' id='line_1_16' title="bbox 497 1042 872 1085; baseline -0.003 -11"><span class='ocrx_word' id='word_1_46' title='bbox 497 1042 534 1074; x_wconf 92' lang='lat' dir='ltr'>et</span> <span class='ocrx_word' id='word_1_47' title='bbox 554 1042 683 1085; x_wconf 85' lang='lat' dir='ltr'>surgat</span> <span class='ocrx_word' id='word_1_48' title='bbox 701 1042 814 1074; x_wconf 92' lang='lat' dir='ltr'>nocte</span> <span class='ocrx_word' id='word_1_49' title='bbox 834 1042 872 1073; x_wconf 91' lang='lat' dir='ltr'>et</span> 
     </span>
    </p>

    <p class='ocr_par' dir='ltr' id='par_1_8' title="bbox 497 1089 999 1628">
     <span class='ocr_line' id='line_1_17' title="bbox 497 1089 920 1139; baseline 0 -12"><span class='ocrx_word' id='word_1_50' title='bbox 497 1090 559 1128; x_wconf 91' lang='lat' dir='ltr'>die</span> <span class='ocrx_word' id='word_1_51' title='bbox 588 1096 626 1128; x_wconf 90' lang='lat' dir='ltr'>et</span> <span class='ocrx_word' id='word_1_52' title='bbox 646 1101 778 1128; x_wconf 89' lang='lat' dir='ltr'>semen</span> <span class='ocrx_word' id='word_1_53' title='bbox 798 1089 920 1139; x_wconf 87' lang='lat' dir='ltr'>germi</span> 
     </span>
     <span class='ocr_line' id='line_1_18' title="bbox 499 1143 910 1182; baseline -0.002 -1"><span class='ocrx_word' id='word_1_54' title='bbox 499 1143 577 1182; x_wconf 93' lang='lat' dir='ltr'>Net</span> <span class='ocrx_word' id='word_1_55' title='bbox 596 1151 633 1182; x_wconf 90' lang='lat' dir='ltr'>et</span> <span class='ocrx_word' id='word_1_56' title='bbox 653 1151 797 1182; x_wconf 86' lang='lat' dir='ltr'>crescat</span> <span class='ocrx_word' id='word_1_57' title='bbox 817 1144 910 1181; x_wconf 89' lang='lat' dir='ltr'>dum</span> 
     </span>
     <span class='ocr_line' id='line_1_19' title="bbox 498 1198 984 1236; baseline 0 0"><span class='ocrx_word' id='word_1_58' title='bbox 498 1198 620 1236; x_wconf 90' lang='lat' dir='ltr'>nescit</span> <span class='ocrx_word' id='word_1_59' title='bbox 641 1198 700 1236; x_wconf 87' lang='lat' dir='ltr'>ille</span> <span class='ocrx_word' id='word_1_60' title='bbox 738 1198 872 1236; x_wconf 79' lang='lat' dir='ltr'>²⁸u1tr0</span> <span class='ocrx_word' id='word_1_61' title='bbox 892 1198 984 1236; x_wconf 70' lang='lat' dir='ltr'>eni*</span> 
     </span>
     <span class='ocr_line' id='line_1_20' title="bbox 497 1252 897 1302; baseline -0.003 -12"><span class='ocrx_word' id='word_1_62' title='bbox 497 1259 599 1290; x_wconf 90' lang='lat' dir='ltr'>terra</span> <span class='ocrx_word' id='word_1_63' title='bbox 617 1252 818 1290; x_wconf 90' lang='lat' dir='ltr'>fructificat</span> <span class='ocrx_word' id='word_1_64' title='bbox 837 1253 897 1302; x_wconf 88' lang='lat' dir='ltr'>pri</span> 
     </span>
     <span class='ocr_line' id='line_1_21' title="bbox 498 1307 920 1345; baseline -0.002 0"><span class='ocrx_word' id='word_1_65' title='bbox 498 1319 607 1345; x_wconf 90' lang='lat' dir='ltr'>mum</span> <span class='ocrx_word' id='word_1_66' title='bbox 627 1307 760 1344; x_wconf 86' lang='lat' dir='ltr'>erbam</span> <span class='ocrx_word' id='word_1_67' title='bbox 781 1307 920 1344; x_wconf 87' lang='lat' dir='ltr'>deinde</span> 
     </span>
     <span class='ocr_line' id='line_1_22' title="bbox 499 1360 970 1411; baseline -0.002 -12"><span class='ocrx_word' id='word_1_68' title='bbox 499 1362 647 1411; x_wconf 88' lang='lat' dir='ltr'>spicam</span> <span class='ocrx_word' id='word_1_69' title='bbox 667 1360 806 1398; x_wconf 91' lang='lat' dir='ltr'>deinde</span> <span class='ocrx_word' id='word_1_70' title='bbox 825 1361 970 1411; x_wconf 62' lang='lat' dir='ltr'>plenu-</span> 
     </span>
     <span class='ocr_line' id='line_1_23' title="bbox 498 1415 999 1464; baseline 0.002 -12"><span class='ocrx_word' id='word_1_71' title='bbox 498 1415 666 1453; x_wconf 89' lang='lat' dir='ltr'>triticum</span> <span class='ocrx_word' id='word_1_72' title='bbox 682 1415 811 1464; x_wconf 85' lang='lat' dir='ltr'>spicae</span> <span class='ocrx_word' id='word_1_73' title='bbox 830 1415 902 1453; x_wconf 80' lang='lat' dir='ltr'>²⁹et</span> <span class='ocrx_word' id='word_1_74' title='bbox 921 1421 999 1453; x_wconf 66' lang='lat' dir='ltr'>cu*</span> 
     </span>
     <span class='ocr_line' id='line_1_24' title="bbox 500 1469 889 1519; baseline 0 -12"><span class='ocrx_word' id='word_1_75' title='bbox 500 1469 723 1519; x_wconf 90' lang='lat' dir='ltr'>produxerit</span> <span class='ocrx_word' id='word_1_76' title='bbox 743 1469 889 1507; x_wconf 88' lang='lat' dir='ltr'>fructus</span> 
     </span>
     <span class='ocr_line' id='line_1_25' title="bbox 499 1523 917 1562; baseline 0 -1"><span class='ocrx_word' id='word_1_77' title='bbox 499 1523 628 1561; x_wconf 90' lang='lat' dir='ltr'>statim</span> <span class='ocrx_word' id='word_1_78' title='bbox 646 1523 760 1561; x_wconf 92' lang='lat' dir='ltr'>mittit</span> <span class='ocrx_word' id='word_1_79' title='bbox 778 1523 917 1562; x_wconf 89' lang='lat' dir='ltr'>falcem</span> 
     </span>
     <span class='ocr_line' id='line_1_26' title="bbox 500 1577 932 1628; baseline 0.002 -13"><span class='ocrx_word' id='word_1_80' title='bbox 500 1578 686 1628; x_wconf 89' lang='lat' dir='ltr'>quoniam</span> <span class='ocrx_word' id='word_1_81' title='bbox 706 1577 829 1616; x_wconf 86' lang='lat' dir='ltr'>adstat</span> <span class='ocrx_word' id='word_1_82' title='bbox 848 1590 932 1616; x_wconf 91' lang='lat' dir='ltr'>mes</span> 
     </span>
    </p>
   </div>
   <div class='ocr_carea' id='block_1_4' title="bbox 499 1717 1005 3003">
    <p class='ocr_par' dir='ltr' id='par_1_9' title="bbox 499 1717 1005 3003">
     <span class='ocr_line' id='line_1_27' title="bbox 501 1717 922 1760; baseline 0.01 -4"><span class='ocrx_word' id='word_1_83' title='bbox 501 1717 563 1757; x_wconf 90' lang='lat' dir='ltr'>Sis</span> <span class='ocrx_word' id='word_1_84' title='bbox 745 1720 817 1759; x_wconf 78' lang='lat' dir='ltr'>⁸⁰et</span> <span class='ocrx_word' id='word_1_85' title='bbox 836 1720 922 1760; x_wconf 90' lang='lat' dir='ltr'>dice</span> 
     </span>
     <span class='ocr_line' id='line_1_28' title="bbox 500 1773 883 1814; baseline 0.005 -3"><span class='ocrx_word' id='word_1_86' title='bbox 500 1774 566 1811; x_wconf 88' lang='lat' dir='ltr'>bat</span> <span class='ocrx_word' id='word_1_87' title='bbox 585 1773 645 1812; x_wconf 91' lang='lat' dir='ltr'>cui</span> <span class='ocrx_word' id='word_1_88' title='bbox 667 1774 883 1814; x_wconf 88' lang='lat' dir='ltr'>adsimilaui</span> 
     </span>
     <span class='ocr_line' id='line_1_29' title="bbox 502 1829 929 1878; baseline 0.007 -13"><span class='ocrx_word' id='word_1_89' title='bbox 502 1840 589 1865; x_wconf 90' lang='lat' dir='ltr'>mus</span> <span class='ocrx_word' id='word_1_90' title='bbox 610 1841 771 1878; x_wconf 90' lang='lat' dir='ltr'>regnum</span> <span class='ocrx_word' id='word_1_91' title='bbox 793 1829 834 1867; x_wconf 77' lang='lat' dir='ltr'>di</span> <span class='ocrx_word' id='word_1_92' title='bbox 862 1836 929 1868; x_wconf 88' lang='lat' dir='ltr'>aut</span> 
     </span>
     <span class='ocr_line' id='line_1_30' title="bbox 499 1882 913 1933; baseline 0.007 -14"><span class='ocrx_word' id='word_1_93' title='bbox 499 1882 540 1920; x_wconf 90' lang='lat' dir='ltr'>in</span> <span class='ocrx_word' id='word_1_94' title='bbox 560 1894 677 1932; x_wconf 91' lang='lat' dir='ltr'>quam</span> <span class='ocrx_word' id='word_1_95' title='bbox 697 1884 913 1933; x_wconf 71' lang='lat' dir='ltr'>parabola-</span> 
     </span>
     <span class='ocr_line' id='line_1_31' title="bbox 502 1938 913 1986; baseline 0.005 -12"><span class='ocrx_word' id='word_1_96' title='bbox 502 1938 800 1986; x_wconf 88' lang='lat' dir='ltr'>conparauimus</span> <span class='ocrx_word' id='word_1_97' title='bbox 820 1938 913 1976; x_wconf 94' lang='lat' dir='ltr'>illud</span> 
     </span>
     <span class='ocr_line' id='line_1_32' title="bbox 503 1990 941 2041; baseline 0.007 -13"><span class='ocrx_word' id='word_1_98' title='bbox 503 1990 637 2029; x_wconf 60' lang='lat' dir='ltr'>”sieut</span> <span class='ocrx_word' id='word_1_99' title='bbox 660 2005 826 2041; x_wconf 91' lang='lat' dir='ltr'>granum</span> <span class='ocrx_word' id='word_1_100' title='bbox 846 2005 941 2031; x_wconf 90' lang='lat' dir='ltr'>sena</span> 
     </span>
     <span class='ocr_line' id='line_1_33' title="bbox 502 2044 929 2095; baseline 0.009 -14"><span class='ocrx_word' id='word_1_101' title='bbox 502 2044 561 2093; x_wconf 91' lang='lat' dir='ltr'>pis</span> <span class='ocrx_word' id='word_1_102' title='bbox 599 2046 705 2095; x_wconf 93' lang='lat' dir='ltr'>quod</span> <span class='ocrx_word' id='word_1_103' title='bbox 725 2058 813 2084; x_wconf 91' lang='lat' dir='ltr'>cum</span> <span class='ocrx_word' id='word_1_104' title='bbox 833 2047 929 2085; x_wconf 90' lang='lat' dir='ltr'>semi</span> 
     </span>
     <span class='ocr_line' id='line_1_34' title="bbox 503 2101 892 2139; baseline 0.008 -3"><span class='ocrx_word' id='word_1_105' title='bbox 503 2105 636 2137; x_wconf 88' lang='lat' dir='ltr'>natum</span> <span class='ocrx_word' id='word_1_106' title='bbox 657 2106 713 2137; x_wconf 92' lang='lat' dir='ltr'>est</span> <span class='ocrx_word' id='word_1_107' title='bbox 733 2101 772 2137; x_wconf 90' lang='lat' dir='ltr'>in</span> <span class='ocrx_word' id='word_1_108' title='bbox 791 2107 892 2139; x_wconf 90' lang='lat' dir='ltr'>terra</span> 
     </span>
     <span class='ocr_line' id='line_1_35' title="bbox 502 2152 906 2193; baseline 0.007 -3"><span class='ocrx_word' id='word_1_109' title='bbox 502 2152 632 2191; x_wconf 87' lang='lat' dir='ltr'>minus</span> <span class='ocrx_word' id='word_1_110' title='bbox 651 2160 707 2192; x_wconf 89' lang='lat' dir='ltr'>est</span> <span class='ocrx_word' id='word_1_111' title='bbox 725 2155 906 2193; x_wconf 89' lang='lat' dir='ltr'>omnibus</span> 
     </span>
     <span class='ocr_line' id='line_1_36' title="bbox 504 2207 946 2259; baseline 0.007 -15"><span class='ocrx_word' id='word_1_112' title='bbox 504 2207 716 2246; x_wconf 89' lang='lat' dir='ltr'>seminibus</span> <span class='ocrx_word' id='word_1_113' title='bbox 736 2221 837 2259; x_wconf 89' lang='lat' dir='ltr'>quae</span> <span class='ocrx_word' id='word_1_114' title='bbox 856 2215 946 2247; x_wconf 88' lang='lat' dir='ltr'>sunt</span> 
     </span>
     <span class='ocr_line' id='line_1_37' title="bbox 504 2263 956 2311; baseline 0.007 -12"><span class='ocrx_word' id='word_1_115' title='bbox 504 2274 619 2311; x_wconf 93' lang='lat' dir='ltr'>super</span> <span class='ocrx_word' id='word_1_116' title='bbox 639 2269 779 2300; x_wconf 91' lang='lat' dir='ltr'>terram</span> <span class='ocrx_word' id='word_1_117' title='bbox 798 2263 873 2301; x_wconf 76' lang='lat' dir='ltr'>³²fit</span> <span class='ocrx_word' id='word_1_118' title='bbox 892 2276 956 2302; x_wconf 88' lang='lat' dir='ltr'>ma</span> 
     </span>
     <span class='ocr_line' id='line_1_38' title="bbox 504 2316 900 2355; baseline 0.005 -2"><span class='ocrx_word' id='word_1_119' title='bbox 504 2316 563 2354; x_wconf 91' lang='lat' dir='ltr'>ius</span> <span class='ocrx_word' id='word_1_120' title='bbox 582 2317 762 2355; x_wconf 90' lang='lat' dir='ltr'>omnibus</span> <span class='ocrx_word' id='word_1_121' title='bbox 781 2316 900 2355; x_wconf 89' lang='lat' dir='ltr'>holeri</span> 
     </span>
     <span class='ocr_line' id='line_1_39' title="bbox 504 2370 910 2409; baseline 0.005 -2"><span class='ocrx_word' id='word_1_122' title='bbox 504 2371 578 2408; x_wconf 89' lang='lat' dir='ltr'>bus</span> <span class='ocrx_word' id='word_1_123' title='bbox 616 2376 654 2408; x_wconf 90' lang='lat' dir='ltr'>et</span> <span class='ocrx_word' id='word_1_124' title='bbox 675 2370 763 2409; x_wconf 90' lang='lat' dir='ltr'>facit</span> <span class='ocrx_word' id='word_1_125' title='bbox 783 2383 910 2409; x_wconf 91' lang='lat' dir='ltr'>ramos</span> 
     </span>
     <span class='ocr_line' id='line_1_40' title="bbox 504 2425 954 2476; baseline 0.004 -14"><span class='ocrx_word' id='word_1_126' title='bbox 504 2436 671 2474; x_wconf 87' lang='lat' dir='ltr'>magnos</span> <span class='ocrx_word' id='word_1_127' title='bbox 690 2425 742 2463; x_wconf 89' lang='lat' dir='ltr'>ita</span> <span class='ocrx_word' id='word_1_128' title='bbox 762 2432 801 2464; x_wconf 91' lang='lat' dir='ltr'>ut</span> <span class='ocrx_word' id='word_1_129' title='bbox 821 2425 954 2476; x_wconf 88' lang='lat' dir='ltr'>possin</span> 
     </span>
     <span class='ocr_line' id='line_1_41' title="bbox 504 2479 945 2519; baseline 0.007 -3"><span class='ocrx_word' id='word_1_130' title='bbox 504 2479 577 2517; x_wconf 87' lang='lat' dir='ltr'>sub</span> <span class='ocrx_word' id='word_1_131' title='bbox 596 2480 733 2517; x_wconf 89' lang='lat' dir='ltr'>umbra</span> <span class='ocrx_word' id='word_1_132' title='bbox 752 2480 833 2518; x_wconf 91' lang='lat' dir='ltr'>eius</span> <span class='ocrx_word' id='word_1_133' title='bbox 852 2492 945 2519; x_wconf 88' lang='lat' dir='ltr'>aues</span> 
     </span>
     <span class='ocr_line' id='line_1_42' title="bbox 506 2533 836 2572; baseline 0.006 -2"><span class='ocrx_word' id='word_1_134' title='bbox 506 2533 603 2571; x_wconf 90' lang='lat' dir='ltr'>caeli</span> <span class='ocrx_word' id='word_1_135' title='bbox 623 2533 836 2572; x_wconf 89' lang='lat' dir='ltr'>inhabitare</span> 
     </span>
     <span class='ocr_line' id='line_1_43' title="bbox 505 2586 1005 2639; baseline 0.006 -15"><span class='ocrx_word' id='word_1_136' title='bbox 505 2586 704 2625; x_wconf 78' lang='lat' dir='ltr'>³⁵Talibus</span> <span class='ocrx_word' id='word_1_137' title='bbox 719 2588 846 2627; x_wconf 91' lang='lat' dir='ltr'>multis</span> <span class='ocrx_word' id='word_1_138' title='bbox 860 2589 1005 2639; x_wconf 87' lang='lat' dir='ltr'>parabo</span> 
     </span>
     <span class='ocr_line' id='line_1_44' title="bbox 505 2640 966 2692; baseline 0.007 -14"><span class='ocrx_word' id='word_1_139' title='bbox 505 2640 551 2678; x_wconf 90' lang='lat' dir='ltr'>lis</span> <span class='ocrx_word' id='word_1_140' title='bbox 571 2641 797 2692; x_wconf 83' lang='lat' dir='ltr'>loquebatur</span> <span class='ocrx_word' id='word_1_141' title='bbox 816 2644 966 2681; x_wconf 70' lang='lat' dir='ltr'>uerbu-</span> 
     </span>
     <span class='ocr_line' id='line_1_45' title="bbox 507 2697 928 2745; baseline 0.007 -13"><span class='ocrx_word' id='word_1_142' title='bbox 507 2702 623 2744; x_wconf 86' lang='lat' dir='ltr'>prout</span> <span class='ocrx_word' id='word_1_143' title='bbox 642 2703 818 2745; x_wconf 84' lang='lat' dir='ltr'>poterant</span> <span class='ocrx_word' id='word_1_144' title='bbox 838 2697 928 2735; x_wconf 85' lang='lat' dir='ltr'>audi</span> 
     </span>
     <span class='ocr_line' id='line_1_46' title="bbox 508 2748 960 2799; baseline 0.011 -14"><span class='ocrx_word' id='word_1_145' title='bbox 508 2759 550 2785; x_wconf 92' lang='lat' dir='ltr'>re</span> <span class='ocrx_word' id='word_1_146' title='bbox 568 2748 685 2787; x_wconf 81' lang='lat' dir='ltr'>³⁴sine</span> <span class='ocrx_word' id='word_1_147' title='bbox 706 2751 888 2799; x_wconf 89' lang='lat' dir='ltr'>parabola</span> <span class='ocrx_word' id='word_1_148' title='bbox 910 2764 960 2790; x_wconf 89' lang='lat' dir='ltr'>au</span> 
     </span>
     <span class='ocr_line' id='line_1_47' title="bbox 507 2804 934 2855; baseline 0.012 -16"><span class='ocrx_word' id='word_1_149' title='bbox 507 2808 587 2840; x_wconf 90' lang='lat' dir='ltr'>tem</span> <span class='ocrx_word' id='word_1_150' title='bbox 607 2815 687 2840; x_wconf 91' lang='lat' dir='ltr'>non</span> <span class='ocrx_word' id='word_1_151' title='bbox 707 2804 934 2855; x_wconf 79' lang='lat' dir='ltr'>loquebatur</span> 
     </span>
     <span class='ocr_line' id='line_1_48' title="bbox 508 2866 925 2897; baseline 0.01 -4"><span class='ocrx_word' id='word_1_152' title='bbox 508 2868 564 2894; x_wconf 79' lang='lat' dir='ltr'>eis</span> <span class='ocrx_word' id='word_1_153' title='bbox 602 2867 774 2895; x_wconf 89' lang='lat' dir='ltr'>seorsum</span> <span class='ocrx_word' id='word_1_154' title='bbox 795 2866 925 2897; x_wconf 87' lang='lat' dir='ltr'>autem</span> 
     </span>
     <span class='ocr_line' id='line_1_49' title="bbox 509 2909 927 2960; baseline 0.01 -13"><span class='ocrx_word' id='word_1_155' title='bbox 509 2909 706 2960; x_wconf 83' lang='lat' dir='ltr'>discipulis</span> <span class='ocrx_word' id='word_1_156' title='bbox 726 2912 802 2950; x_wconf 91' lang='lat' dir='ltr'>suis</span> <span class='ocrx_word' id='word_1_157' title='bbox 820 2914 927 2951; x_wconf 87' lang='lat' dir='ltr'>exsol</span> 
     </span>
     <span class='ocr_line' id='line_1_50' title="bbox 510 2964 711 3003; baseline 0.005 -1"><span class='ocrx_word' id='word_1_158' title='bbox 510 2964 625 3002; x_wconf 88' lang='lat' dir='ltr'>uebat</span> <span class='ocrx_word' id='word_1_159' title='bbox 644 2976 711 3003; x_wconf 91' lang='lat' dir='ltr'>eas</span> 
     </span>
    </p>
   </div>
   <div class='ocr_carea' id='block_1_5' title="bbox 713 196 1263 238">
    <p class='ocr_par' dir='ltr' id='par_1_10' title="bbox 713 196 1263 238">
     <span class='ocr_line' id='line_1_51' title="bbox 713 196 1263 238; baseline 0.002 -1"><span class='ocrx_word' id='word_1_160' title='bbox 713 196 1124 238; x_wconf 83' lang='lat' dir='ltr'><strong><em>EUANGELIUM</em></strong></span> <span class='ocrx_word' id='word_1_161' title='bbox 1148 196 1263 238; x_wconf 88' lang='lat' dir='ltr'>SEC</span> 
     </span>
    </p>
   </div>
   <div class='ocr_carea' id='block_1_6' title="bbox 1027 329 1525 1684">
    <p class='ocr_par' dir='ltr' id='par_1_11' title="bbox 1027 329 1525 1684">
     <span class='ocr_line' id='line_1_52' title="bbox 1029 329 1525 369; baseline -0.002 0"><span class='ocrx_word' id='word_1_162' title='bbox 1029 341 1112 369; x_wconf 80' lang='lat' dir='ltr'><strong><em>XIII</em></strong></span> <span class='ocrx_word' id='word_1_163' title='bbox 1128 329 1221 369; x_wconf 76' lang='lat' dir='ltr'>⁸⁵Et</span> <span class='ocrx_word' id='word_1_164' title='bbox 1236 332 1295 369; x_wconf 81' lang='lat' dir='ltr'>ae&#39;t</span> <span class='ocrx_word' id='word_1_165' title='bbox 1310 331 1387 369; x_wconf 75' lang='lat' dir='ltr'><em>illis</em></span> <span class='ocrx_word' id='word_1_166' title='bbox 1406 330 1466 369; x_wconf 64' lang='lat' dir='ltr'>ihs</span> <span class='ocrx_word' id='word_1_167' title='bbox 1485 331 1525 368; x_wconf 88' lang='lat' dir='ltr'>in</span> 
     </span>
     <span class='ocr_line' id='line_1_53' title="bbox 1437 382 1525 438; baseline 0 -15"><span class='ocrx_word' id='word_1_168' title='bbox 1437 382 1525 438; x_wconf 81' lang='lat' dir='ltr'><em>[illa</em></span> 
     </span>
     <span class='ocr_line' id='line_1_54' title="bbox 1029 439 1436 478; baseline -0.002 0"><span class='ocrx_word' id='word_1_169' title='bbox 1029 439 1089 478; x_wconf 89' lang='lat' dir='ltr'>die</span> <span class='ocrx_word' id='word_1_170' title='bbox 1118 451 1209 478; x_wconf 92' lang='lat' dir='ltr'>cum</span> <span class='ocrx_word' id='word_1_171' title='bbox 1228 451 1314 478; x_wconf 92' lang='lat' dir='ltr'>sero</span> <span class='ocrx_word' id='word_1_172' title='bbox 1334 447 1436 478; x_wconf 85' lang='lat' dir='ltr'>esset</span> 
     </span>
     <span class='ocr_line' id='line_1_55' title="bbox 1030 494 1431 532; baseline 0 0"><span class='ocrx_word' id='word_1_173' title='bbox 1030 494 1171 532; x_wconf 90' lang='lat' dir='ltr'>factum</span> <span class='ocrx_word' id='word_1_174' title='bbox 1191 500 1431 532; x_wconf 86' lang='lat' dir='ltr'>transeamus</span> 
     </span>
     <span class='ocr_line' id='line_1_56' title="bbox 1029 548 1452 586; baseline -0.002 0"><span class='ocrx_word' id='word_1_175' title='bbox 1029 555 1166 586; x_wconf 90' lang='lat' dir='ltr'>contra</span> <span class='ocrx_word' id='word_1_176' title='bbox 1184 548 1254 586; x_wconf 76' lang='lat' dir='ltr'>⁸⁰et</span> <span class='ocrx_word' id='word_1_177' title='bbox 1274 548 1452 586; x_wconf 73' lang='lat' dir='ltr'>dimittu-</span> 
     </span>
     <span class='ocr_line' id='line_1_57' title="bbox 1029 602 1445 652; baseline 0 -12"><span class='ocrx_word' id='word_1_178' title='bbox 1029 603 1160 641; x_wconf 91' lang='lat' dir='ltr'>turbas</span> <span class='ocrx_word' id='word_1_179' title='bbox 1178 609 1215 640; x_wconf 93' lang='lat' dir='ltr'>et</span> <span class='ocrx_word' id='word_1_180' title='bbox 1235 602 1445 652; x_wconf 77' lang='lat' dir='ltr'>adciperu“</span> 
     </span>
     <span class='ocr_line' id='line_1_58' title="bbox 1030 657 1426 695; baseline 0 -1"><span class='ocrx_word' id='word_1_181' title='bbox 1030 657 1137 695; x_wconf 88' lang='lat' dir='ltr'>illum</span> <span class='ocrx_word' id='word_1_182' title='bbox 1156 657 1207 694; x_wconf 90' lang='lat' dir='ltr'>ita</span> <span class='ocrx_word' id='word_1_183' title='bbox 1226 663 1268 695; x_wconf 91' lang='lat' dir='ltr'>ut</span> <span class='ocrx_word' id='word_1_184' title='bbox 1286 663 1367 695; x_wconf 90' lang='lat' dir='ltr'>erat</span> <span class='ocrx_word' id='word_1_185' title='bbox 1387 657 1426 694; x_wconf 92' lang='lat' dir='ltr'>in</span> 
     </span>
     <span class='ocr_line' id='line_1_59' title="bbox 1030 711 1433 749; baseline -0.002 0"><span class='ocrx_word' id='word_1_186' title='bbox 1030 712 1120 749; x_wconf 89' lang='lat' dir='ltr'>naui</span> <span class='ocrx_word' id='word_1_187' title='bbox 1141 718 1178 749; x_wconf 93' lang='lat' dir='ltr'>et</span> <span class='ocrx_word' id='word_1_188' title='bbox 1197 711 1293 749; x_wconf 88' lang='lat' dir='ltr'>aliae</span> <span class='ocrx_word' id='word_1_189' title='bbox 1313 722 1433 749; x_wconf 91' lang='lat' dir='ltr'>naues</span> 
     </span>
     <span class='ocr_line' id='line_1_60' title="bbox 1030 765 1432 804; baseline 0 -2"><span class='ocrx_word' id='word_1_190' title='bbox 1030 766 1172 804; x_wconf 89' lang='lat' dir='ltr'>multae</span> <span class='ocrx_word' id='word_1_191' title='bbox 1193 765 1306 803; x_wconf 88' lang='lat' dir='ltr'>simul</span> <span class='ocrx_word' id='word_1_192' title='bbox 1324 771 1432 803; x_wconf 90' lang='lat' dir='ltr'>erant</span> 
     </span>
     <span class='ocr_line' id='line_1_61' title="bbox 1029 818 1492 858; baseline -0.002 0"><span class='ocrx_word' id='word_1_193' title='bbox 1029 831 1120 858; x_wconf 91' lang='lat' dir='ltr'>cum</span> <span class='ocrx_word' id='word_1_194' title='bbox 1140 820 1204 857; x_wconf 93' lang='lat' dir='ltr'>illo</span> <span class='ocrx_word' id='word_1_195' title='bbox 1223 818 1296 858; x_wconf 78' lang='lat' dir='ltr'>⁸⁷et</span> <span class='ocrx_word' id='word_1_196' title='bbox 1315 819 1416 858; x_wconf 89' lang='lat' dir='ltr'>facta</span> <span class='ocrx_word' id='word_1_197' title='bbox 1434 824 1492 857; x_wconf 89' lang='lat' dir='ltr'>est</span> 
     </span>
     <span class='ocr_line' id='line_1_62' title="bbox 1029 873 1456 924; baseline -0.002 -12"><span class='ocrx_word' id='word_1_198' title='bbox 1029 873 1199 924; x_wconf 89' lang='lat' dir='ltr'>procella</span> <span class='ocrx_word' id='word_1_199' title='bbox 1218 885 1360 923; x_wconf 85' lang='lat' dir='ltr'>magna</span> <span class='ocrx_word' id='word_1_200' title='bbox 1379 878 1456 911; x_wconf 63' lang='lat' dir='ltr'>ue-</span> 
     </span>
     <span class='ocr_line' id='line_1_63' title="bbox 1029 927 1469 966; baseline 0.002 -1"><span class='ocrx_word' id='word_1_201' title='bbox 1029 928 1057 965; x_wconf 92' lang='lat' dir='ltr'>ti</span> <span class='ocrx_word' id='word_1_202' title='bbox 1076 935 1114 965; x_wconf 90' lang='lat' dir='ltr'>et</span> <span class='ocrx_word' id='word_1_203' title='bbox 1133 927 1272 966; x_wconf 90' lang='lat' dir='ltr'>fluctus</span> <span class='ocrx_word' id='word_1_204' title='bbox 1292 927 1469 966; x_wconf 88' lang='lat' dir='ltr'>mittebat</span> 
     </span>
     <span class='ocr_line' id='line_1_64' title="bbox 1027 981 1420 1020; baseline -0.003 -1"><span class='ocrx_word' id='word_1_205' title='bbox 1027 982 1067 1019; x_wconf 89' lang='lat' dir='ltr'>in</span> <span class='ocrx_word' id='word_1_206' title='bbox 1087 993 1229 1019; x_wconf 90' lang='lat' dir='ltr'>nauem</span> <span class='ocrx_word' id='word_1_207' title='bbox 1248 981 1299 1020; x_wconf 92' lang='lat' dir='ltr'>ita</span> <span class='ocrx_word' id='word_1_208' title='bbox 1317 988 1359 1019; x_wconf 91' lang='lat' dir='ltr'>ut</span> <span class='ocrx_word' id='word_1_209' title='bbox 1379 981 1420 1018; x_wconf 88' lang='lat' dir='ltr'>in</span> 
     </span>
     <span class='ocr_line' id='line_1_65' title="bbox 1030 1035 1429 1087; baseline 0 -14"><span class='ocrx_word' id='word_1_210' title='bbox 1030 1035 1197 1087; x_wconf 90' lang='lat' dir='ltr'>pleretur</span> <span class='ocrx_word' id='word_1_211' title='bbox 1216 1047 1337 1074; x_wconf 89' lang='lat' dir='ltr'>naues</span> <span class='ocrx_word' id='word_1_212' title='bbox 1357 1035 1429 1073; x_wconf 77' lang='lat' dir='ltr'>3&#39;³et</span> 
     </span>
     <span class='ocr_line' id='line_1_66' title="bbox 1031 1089 1483 1140; baseline 0 -12"><span class='ocrx_word' id='word_1_213' title='bbox 1031 1096 1114 1128; x_wconf 89' lang='lat' dir='ltr'>erat</span> <span class='ocrx_word' id='word_1_214' title='bbox 1134 1090 1216 1140; x_wconf 88' lang='lat' dir='ltr'>ipse</span> <span class='ocrx_word' id='word_1_215' title='bbox 1235 1090 1275 1127; x_wconf 90' lang='lat' dir='ltr'>in</span> <span class='ocrx_word' id='word_1_216' title='bbox 1296 1089 1418 1140; x_wconf 90' lang='lat' dir='ltr'>puppi</span> <span class='ocrx_word' id='word_1_217' title='bbox 1438 1101 1483 1128; x_wconf 90' lang='lat' dir='ltr'>su</span> 
     </span>
     <span class='ocr_line' id='line_1_67' title="bbox 1031 1144 1427 1194; baseline -0.003 -11"><span class='ocrx_word' id='word_1_218' title='bbox 1031 1157 1101 1194; x_wconf 87' lang='lat' dir='ltr'>per</span> <span class='ocrx_word' id='word_1_219' title='bbox 1120 1144 1282 1183; x_wconf 89' lang='lat' dir='ltr'>ceruical</span> <span class='ocrx_word' id='word_1_220' title='bbox 1303 1144 1427 1182; x_wconf 90' lang='lat' dir='ltr'>dormi</span> 
     </span>
     <span class='ocr_line' id='line_1_68' title="bbox 1032 1205 1390 1237; baseline 0 0"><span class='ocrx_word' id='word_1_221' title='bbox 1032 1211 1102 1237; x_wconf 89' lang='lat' dir='ltr'>ens</span> <span class='ocrx_word' id='word_1_222' title='bbox 1285 1205 1323 1237; x_wconf 90' lang='lat' dir='ltr'>et</span> <span class='ocrx_word' id='word_1_223' title='bbox 1342 1211 1390 1237; x_wconf 87' lang='lat' dir='ltr'>ex</span> 
     </span>
     <span class='ocr_line' id='line_1_69' title="bbox 1031 1253 1457 1291; baseline 0 -1"><span class='ocrx_word' id='word_1_224' title='bbox 1031 1253 1192 1291; x_wconf 86' lang='lat' dir='ltr'>citantes</span> <span class='ocrx_word' id='word_1_225' title='bbox 1211 1253 1320 1290; x_wconf 91' lang='lat' dir='ltr'>illum</span> <span class='ocrx_word' id='word_1_226' title='bbox 1341 1253 1457 1291; x_wconf 61' lang='lat' dir='ltr'>dicu*</span> 
     </span>
     <span class='ocr_line' id='line_1_70' title="bbox 1031 1307 1390 1357; baseline 0.003 -13"><span class='ocrx_word' id='word_1_227' title='bbox 1031 1307 1214 1357; x_wconf 87' lang='lat' dir='ltr'>magister</span> <span class='ocrx_word' id='word_1_228' title='bbox 1233 1319 1313 1345; x_wconf 92' lang='lat' dir='ltr'>non</span> <span class='ocrx_word' id='word_1_229' title='bbox 1333 1314 1390 1345; x_wconf 88' lang='lat' dir='ltr'>est</span> 
     </span>
     <span class='ocr_line' id='line_1_71' title="bbox 1029 1361 1506 1412; baseline 0 -13"><span class='ocrx_word' id='word_1_230' title='bbox 1029 1362 1097 1399; x_wconf 91' lang='lat' dir='ltr'>tibi</span> <span class='ocrx_word' id='word_1_231' title='bbox 1118 1374 1210 1400; x_wconf 89' lang='lat' dir='ltr'>cura</span> <span class='ocrx_word' id='word_1_232' title='bbox 1228 1362 1317 1412; x_wconf 89' lang='lat' dir='ltr'>quia</span> <span class='ocrx_word' id='word_1_233' title='bbox 1337 1361 1506 1411; x_wconf 91' lang='lat' dir='ltr'>perimus</span> 
     </span>
     <span class='ocr_line' id='line_1_72' title="bbox 1030 1415 1476 1466; baseline -0.002 -12"><span class='ocrx_word' id='word_1_234' title='bbox 1030 1415 1116 1454; x_wconf 76' lang='lat' dir='ltr'>³⁹Et</span> <span class='ocrx_word' id='word_1_235' title='bbox 1135 1428 1326 1466; x_wconf 84' lang='lat' dir='ltr'>exurgens</span> <span class='ocrx_word' id='word_1_236' title='bbox 1346 1416 1476 1454; x_wconf 90' lang='lat' dir='ltr'>conmi</span> 
     </span>
     <span class='ocr_line' id='line_1_73' title="bbox 1033 1476 1501 1509; baseline 0.002 -1"><span class='ocrx_word' id='word_1_237' title='bbox 1033 1477 1146 1509; x_wconf 91' lang='lat' dir='ltr'>natus</span> <span class='ocrx_word' id='word_1_238' title='bbox 1165 1476 1222 1508; x_wconf 90' lang='lat' dir='ltr'>est</span> <span class='ocrx_word' id='word_1_239' title='bbox 1241 1477 1360 1509; x_wconf 89' lang='lat' dir='ltr'>uento</span> <span class='ocrx_word' id='word_1_240' title='bbox 1379 1476 1417 1508; x_wconf 91' lang='lat' dir='ltr'>et</span> <span class='ocrx_word' id='word_1_241' title='bbox 1436 1482 1501 1509; x_wconf 89' lang='lat' dir='ltr'>ma</span> 
     </span>
     <span class='ocr_line' id='line_1_74' title="bbox 1033 1525 1446 1573; baseline 0 -11"><span class='ocrx_word' id='word_1_242' title='bbox 1033 1525 1064 1562; x_wconf 91' lang='lat' dir='ltr'>ri</span> <span class='ocrx_word' id='word_1_243' title='bbox 1083 1531 1121 1563; x_wconf 91' lang='lat' dir='ltr'>et</span> <span class='ocrx_word' id='word_1_244' title='bbox 1141 1525 1233 1563; x_wconf 90' lang='lat' dir='ltr'>dixit</span> <span class='ocrx_word' id='word_1_245' title='bbox 1252 1531 1446 1573; x_wconf 87' lang='lat' dir='ltr'>ommutes</span> 
     </span>
     <span class='ocr_line' id='line_1_75' title="bbox 1035 1579 1479 1617; baseline 0 0"><span class='ocrx_word' id='word_1_246' title='bbox 1035 1591 1080 1617; x_wconf 95' lang='lat' dir='ltr'>ce</span> <span class='ocrx_word' id='word_1_247' title='bbox 1100 1586 1137 1617; x_wconf 91' lang='lat' dir='ltr'>et</span> <span class='ocrx_word' id='word_1_248' title='bbox 1156 1579 1321 1617; x_wconf 89' lang='lat' dir='ltr'>cessauit</span> <span class='ocrx_word' id='word_1_249' title='bbox 1340 1585 1479 1617; x_wconf 89' lang='lat' dir='ltr'>uentus</span> 
     </span>
     <span class='ocr_line' id='line_1_76' title="bbox 1035 1632 1452 1684; baseline -0.002 -13"><span class='ocrx_word' id='word_1_250' title='bbox 1035 1639 1073 1671; x_wconf 91' lang='lat' dir='ltr'>et</span> <span class='ocrx_word' id='word_1_251' title='bbox 1091 1632 1190 1672; x_wconf 86' lang='lat' dir='ltr'>facta</span> <span class='ocrx_word' id='word_1_252' title='bbox 1209 1639 1267 1672; x_wconf 87' lang='lat' dir='ltr'>est</span> <span class='ocrx_word' id='word_1_253' title='bbox 1286 1633 1452 1684; x_wconf 89' lang='lat' dir='ltr'>tranquil</span> 
     </span>
    </p>
   </div>
   <div class='ocr_carea' id='block_1_7' title="bbox 1035 1721 1536 3017">
    <p class='ocr_par' dir='ltr' id='par_1_12' title="bbox 1037 1721 1308 1771">
     <span class='ocr_line' id='line_1_77' title="bbox 1037 1721 1308 1771; baseline 0 -12"><span class='ocrx_word' id='word_1_254' title='bbox 1037 1721 1144 1759; x_wconf 90' lang='lat' dir='ltr'>Litas</span> <span class='ocrx_word' id='word_1_255' title='bbox 1164 1734 1308 1771; x_wconf 89' lang='lat' dir='ltr'>magna</span> 
     </span>
    </p>

    <p class='ocr_par' dir='ltr' id='par_1_13' title="bbox 1035 1775 1534 1923">
     <span class='ocr_line' id='line_1_78' title="bbox 1037 1775 1534 1826; baseline -0.002 -12"><span class='ocrx_word' id='word_1_256' title='bbox 1037 1776 1122 1814; x_wconf 83' lang='lat' dir='ltr'>⁴⁰Et</span> <span class='ocrx_word' id='word_1_257' title='bbox 1141 1777 1193 1814; x_wconf 89' lang='lat' dir='ltr'>ait</span> <span class='ocrx_word' id='word_1_258' title='bbox 1212 1776 1283 1814; x_wconf 88' lang='lat' dir='ltr'>illis</span> <span class='ocrx_word' id='word_1_259' title='bbox 1304 1775 1398 1826; x_wconf 90' lang='lat' dir='ltr'>quid</span> <span class='ocrx_word' id='word_1_260' title='bbox 1411 1775 1534 1814; x_wconf 91' lang='lat' dir='ltr'>timidi</span> 
     </span>
     <span class='ocr_line' id='line_1_79' title="bbox 1035 1830 1458 1869; baseline -0.002 0"><span class='ocrx_word' id='word_1_261' title='bbox 1035 1830 1126 1869; x_wconf 88' lang='lat' dir='ltr'>estis</span> <span class='ocrx_word' id='word_1_262' title='bbox 1145 1831 1321 1869; x_wconf 89' lang='lat' dir='ltr'>nondum</span> <span class='ocrx_word' id='word_1_263' title='bbox 1341 1830 1458 1868; x_wconf 90' lang='lat' dir='ltr'>fidem</span> 
     </span>
     <span class='ocr_line' id='line_1_80' title="bbox 1035 1884 1185 1923; baseline 0.007 -1"><span class='ocrx_word' id='word_1_264' title='bbox 1035 1884 1185 1923; x_wconf 85' lang='lat' dir='ltr'>habetis</span> 
     </span>
    </p>

    <p class='ocr_par' dir='ltr' id='par_1_14' title="bbox 1035 1939 1536 2357">
     <span class='ocr_line' id='line_1_81' title="bbox 1035 1939 1473 1977; baseline 0.002 -1"><span class='ocrx_word' id='word_1_265' title='bbox 1035 1939 1087 1977; x_wconf 91' lang='lat' dir='ltr'>Et</span> <span class='ocrx_word' id='word_1_266' title='bbox 1107 1939 1317 1977; x_wconf 90' lang='lat' dir='ltr'>timuerunt</span> <span class='ocrx_word' id='word_1_267' title='bbox 1335 1939 1473 1977; x_wconf 90' lang='lat' dir='ltr'>timore</span> 
     </span>
     <span class='ocr_line' id='line_1_82' title="bbox 1035 1993 1439 2043; baseline 0.002 -13"><span class='ocrx_word' id='word_1_268' title='bbox 1035 2005 1182 2043; x_wconf 89' lang='lat' dir='ltr'>magno</span> <span class='ocrx_word' id='word_1_269' title='bbox 1202 1999 1239 2031; x_wconf 93' lang='lat' dir='ltr'>et</span> <span class='ocrx_word' id='word_1_270' title='bbox 1259 1993 1439 2031; x_wconf 88' lang='lat' dir='ltr'>dicebant</span> 
     </span>
     <span class='ocr_line' id='line_1_83' title="bbox 1036 2047 1446 2098; baseline 0 -12"><span class='ocrx_word' id='word_1_271' title='bbox 1036 2047 1086 2086; x_wconf 90' lang='lat' dir='ltr'>ad</span> <span class='ocrx_word' id='word_1_272' title='bbox 1107 2047 1330 2086; x_wconf 87' lang='lat' dir='ltr'>alterutrum</span> <span class='ocrx_word' id='word_1_273' title='bbox 1360 2048 1446 2098; x_wconf 89' lang='lat' dir='ltr'>quis</span> 
     </span>
     <span class='ocr_line' id='line_1_84' title="bbox 1035 2101 1493 2140; baseline 0.002 -1"><span class='ocrx_word' id='word_1_274' title='bbox 1035 2114 1126 2140; x_wconf 87' lang='lat' dir='ltr'>nam</span> <span class='ocrx_word' id='word_1_275' title='bbox 1148 2101 1209 2140; x_wconf 93' lang='lat' dir='ltr'>hic</span> <span class='ocrx_word' id='word_1_276' title='bbox 1229 2108 1286 2140; x_wconf 90' lang='lat' dir='ltr'>est</span> <span class='ocrx_word' id='word_1_277' title='bbox 1306 2102 1367 2140; x_wconf 92' lang='lat' dir='ltr'>cui</span> <span class='ocrx_word' id='word_1_278' title='bbox 1387 2114 1493 2140; x_wconf 90' lang='lat' dir='ltr'>mare</span> 
     </span>
     <span class='ocr_line' id='line_1_85' title="bbox 1035 2155 1428 2194; baseline -0.003 0"><span class='ocrx_word' id='word_1_279' title='bbox 1035 2162 1073 2194; x_wconf 91' lang='lat' dir='ltr'>et</span> <span class='ocrx_word' id='word_1_280' title='bbox 1092 2157 1196 2194; x_wconf 89' lang='lat' dir='ltr'>uenti</span> <span class='ocrx_word' id='word_1_281' title='bbox 1217 2155 1428 2194; x_wconf 88' lang='lat' dir='ltr'>obaudiunt</span> 
     </span>
     <span class='ocr_line' id='line_1_86' title="bbox 1036 2209 1536 2249; baseline 0.004 -3"><span class='ocrx_word' id='word_1_282' title='bbox 1036 2220 1137 2246; x_wconf 81' lang='lat' dir='ltr'><strong><em>XIIII</em></strong></span> <span class='ocrx_word' id='word_1_283' title='bbox 1145 2217 1164 2249; x_wconf 87' lang='lat'>5</span> <span class='ocrx_word' id='word_1_284' title='bbox 1171 2209 1228 2247; x_wconf 88' lang='lat' dir='ltr'>¹E</span> <span class='ocrx_word' id='word_1_285' title='bbox 1225 2215 1242 2248; x_wconf 82' lang='lat' dir='ltr'><em>l</em></span> <span class='ocrx_word' id='word_1_286' title='bbox 1246 2215 1424 2248; x_wconf 79' lang='lat' dir='ltr'>uenerunt</span> <span class='ocrx_word' id='word_1_287' title='bbox 1427 2215 1536 2248; x_wconf 83' lang='lat' dir='ltr'>trans</span> 
     </span>
     <span class='ocr_line' id='line_1_87' title="bbox 1035 2264 1409 2314; baseline 0.003 -12"><span class='ocrx_word' id='word_1_288' title='bbox 1035 2264 1074 2302; x_wconf 90' lang='lat' dir='ltr'>in</span> <span class='ocrx_word' id='word_1_289' title='bbox 1094 2265 1295 2313; x_wconf 84' lang='lat' dir='ltr'>regionem</span> <span class='ocrx_word' id='word_1_290' title='bbox 1315 2277 1409 2314; x_wconf 90' lang='lat' dir='ltr'>gera</span> 
     </span>
     <span class='ocr_line' id='line_1_88' title="bbox 1037 2331 1219 2357; baseline 0 -1"><span class='ocrx_word' id='word_1_291' title='bbox 1037 2331 1219 2357; x_wconf 91' lang='lat' dir='ltr'>senorum</span> 
     </span>
    </p>

    <p class='ocr_par' dir='ltr' id='par_1_15' title="bbox 1036 2372 1504 3017">
     <span class='ocr_line' id='line_1_89' title="bbox 1036 2372 1464 2411; baseline 0 -1"><span class='ocrx_word' id='word_1_292' title='bbox 1036 2372 1107 2410; x_wconf 83' lang='lat' dir='ltr'>²Et</span> <span class='ocrx_word' id='word_1_293' title='bbox 1126 2372 1372 2411; x_wconf 90' lang='lat' dir='ltr'>exseuntibus</span> <span class='ocrx_word' id='word_1_294' title='bbox 1391 2372 1464 2411; x_wconf 89' lang='lat' dir='ltr'>illis</span> 
     </span>
     <span class='ocr_line' id='line_1_90' title="bbox 1037 2426 1457 2465; baseline 0 -1"><span class='ocrx_word' id='word_1_295' title='bbox 1037 2426 1086 2464; x_wconf 93' lang='lat' dir='ltr'>de</span> <span class='ocrx_word' id='word_1_296' title='bbox 1106 2427 1195 2464; x_wconf 89' lang='lat' dir='ltr'>naui</span> <span class='ocrx_word' id='word_1_297' title='bbox 1215 2427 1386 2465; x_wconf 89' lang='lat' dir='ltr'>obuiauit</span> <span class='ocrx_word' id='word_1_298' title='bbox 1405 2426 1457 2464; x_wconf 89' lang='lat' dir='ltr'>illi</span> 
     </span>
     <span class='ocr_line' id='line_1_91' title="bbox 1038 2480 1461 2519; baseline 0 -1"><span class='ocrx_word' id='word_1_299' title='bbox 1038 2480 1158 2519; x_wconf 90' lang='lat' dir='ltr'>homo</span> <span class='ocrx_word' id='word_1_300' title='bbox 1178 2481 1226 2519; x_wconf 92' lang='lat' dir='ltr'>de</span> <span class='ocrx_word' id='word_1_301' title='bbox 1246 2486 1461 2519; x_wconf 51' lang='lat' dir='ltr'>monum&amp;</span> 
     </span>
     <span class='ocr_line' id='line_1_92' title="bbox 1038 2535 1446 2584; baseline 0.002 -12"><span class='ocrx_word' id='word_1_302' title='bbox 1038 2535 1085 2573; x_wconf 89' lang='lat' dir='ltr'>tis</span> <span class='ocrx_word' id='word_1_303' title='bbox 1104 2535 1144 2572; x_wconf 89' lang='lat' dir='ltr'>in</span> <span class='ocrx_word' id='word_1_304' title='bbox 1164 2538 1237 2584; x_wconf 74' lang='lat' dir='ltr'>spu</span> <span class='ocrx_word' id='word_1_305' title='bbox 1256 2535 1446 2573; x_wconf 90' lang='lat' dir='ltr'>inmundo</span> 
     </span>
     <span class='ocr_line' id='line_1_93' title="bbox 1038 2588 1453 2639; baseline 0 -13"><span class='ocrx_word' id='word_1_306' title='bbox 1038 2589 1124 2639; x_wconf 80' lang='lat' dir='ltr'>⁸qui</span> <span class='ocrx_word' id='word_1_307' title='bbox 1145 2588 1383 2627; x_wconf 89' lang='lat' dir='ltr'>domicilium</span> <span class='ocrx_word' id='word_1_308' title='bbox 1402 2588 1453 2627; x_wconf 87' lang='lat' dir='ltr'>ha</span> 
     </span>
     <span class='ocr_line' id='line_1_94' title="bbox 1038 2643 1447 2682; baseline -0.002 -1"><span class='ocrx_word' id='word_1_309' title='bbox 1038 2644 1156 2681; x_wconf 86' lang='lat' dir='ltr'>bebat</span> <span class='ocrx_word' id='word_1_310' title='bbox 1175 2643 1214 2680; x_wconf 90' lang='lat' dir='ltr'>in</span> <span class='ocrx_word' id='word_1_311' title='bbox 1233 2655 1447 2682; x_wconf 87' lang='lat' dir='ltr'>monumen</span> 
     </span>
     <span class='ocr_line' id='line_1_95' title="bbox 1039 2697 1451 2748; baseline 0 -13"><span class='ocrx_word' id='word_1_312' title='bbox 1039 2704 1080 2735; x_wconf 91' lang='lat' dir='ltr'>to</span> <span class='ocrx_word' id='word_1_313' title='bbox 1101 2704 1138 2735; x_wconf 92' lang='lat' dir='ltr'>et</span> <span class='ocrx_word' id='word_1_314' title='bbox 1158 2710 1284 2748; x_wconf 89' lang='lat' dir='ltr'>neque</span> <span class='ocrx_word' id='word_1_315' title='bbox 1305 2697 1451 2735; x_wconf 89' lang='lat' dir='ltr'>catenis</span> 
     </span>
     <span class='ocr_line' id='line_1_96' title="bbox 1041 2752 1456 2802; baseline 0 -13"><span class='ocrx_word' id='word_1_316' title='bbox 1041 2752 1119 2790; x_wconf 91' lang='lat' dir='ltr'>iam</span> <span class='ocrx_word' id='word_1_317' title='bbox 1139 2752 1343 2802; x_wconf 89' lang='lat' dir='ltr'>quisquam</span> <span class='ocrx_word' id='word_1_318' title='bbox 1363 2757 1456 2802; x_wconf 91' lang='lat' dir='ltr'>pote</span> 
     </span>
     <span class='ocr_line' id='line_1_97' title="bbox 1040 2806 1413 2855; baseline 0 -12"><span class='ocrx_word' id='word_1_319' title='bbox 1040 2813 1098 2844; x_wconf 88' lang='lat' dir='ltr'>rat</span> <span class='ocrx_word' id='word_1_320' title='bbox 1117 2806 1224 2844; x_wconf 91' lang='lat' dir='ltr'>illum</span> <span class='ocrx_word' id='word_1_321' title='bbox 1244 2806 1413 2855; x_wconf 87' lang='lat' dir='ltr'>adligare</span> 
     </span>
     <span class='ocr_line' id='line_1_98' title="bbox 1040 2860 1504 2910; baseline 0 -12"><span class='ocrx_word' id='word_1_322' title='bbox 1040 2860 1247 2910; x_wconf 77' lang='lat' dir='ltr'>⁴quoniam</span> <span class='ocrx_word' id='word_1_323' title='bbox 1267 2872 1407 2910; x_wconf 89' lang='lat' dir='ltr'>saepae</span> <span class='ocrx_word' id='word_1_324' title='bbox 1427 2865 1504 2898; x_wconf 71' lang='lat' dir='ltr'>co-</span> 
     </span>
     <span class='ocr_line' id='line_1_99' title="bbox 1041 2913 1480 2965; baseline 0 -14"><span class='ocrx_word' id='word_1_325' title='bbox 1041 2913 1161 2963; x_wconf 92' lang='lat' dir='ltr'>pedes</span> <span class='ocrx_word' id='word_1_326' title='bbox 1182 2921 1218 2952; x_wconf 91' lang='lat' dir='ltr'>et</span> <span class='ocrx_word' id='word_1_327' title='bbox 1238 2921 1394 2953; x_wconf 85' lang='lat' dir='ltr'>catenas</span> <span class='ocrx_word' id='word_1_328' title='bbox 1414 2914 1480 2965; x_wconf 92' lang='lat' dir='ltr'>qui</span> 
     </span>
     <span class='ocr_line' id='line_1_100' title="bbox 1041 2968 1459 3017; baseline 0.002 -13"><span class='ocrx_word' id='word_1_329' title='bbox 1041 2968 1113 3004; x_wconf 92' lang='lat' dir='ltr'>bus</span> <span class='ocrx_word' id='word_1_330' title='bbox 1133 2968 1280 3017; x_wconf 85' lang='lat' dir='ltr'>legatus</span> <span class='ocrx_word' id='word_1_331' title='bbox 1300 2975 1380 3006; x_wconf 87' lang='lat' dir='ltr'>erat</span> <span class='ocrx_word' id='word_1_332' title='bbox 1401 2969 1459 3006; x_wconf 90' lang='lat' dir='ltr'>dis</span> 
     </span>
    </p>
   </div>
   <div class='ocr_carea' id='block_1_8' title="bbox 1376 3051 1486 3076">
    <p class='ocr_par' dir='ltr' id='par_1_16' title="bbox 1376 3051 1486 3076">
     <span class='ocr_line' id='line_1_101' title="bbox 1376 3051 1486 3076; baseline 0.009 -1"><span class='ocrx_word' id='word_1_333' title='bbox 1376 3051 1486 3076; x_wconf 77' lang='lat' dir='ltr'>XXIIII</span> 
     </span>
    </p>
   </div>
   <div class='ocr_carea' id='block_1_9' title="bbox 2006 200 2276 241">
    <p class='ocr_par' dir='ltr' id='par_1_17' title="bbox 2006 200 2276 241">
     <span class='ocr_line' id='line_1_102' title="bbox 2006 200 2276 241; baseline 0.007 -2"><span class='ocrx_word' id='word_1_334' title='bbox 2006 200 2276 241; x_wconf 84' lang='lat' dir='ltr'><em>MARCUM</em></span> 
     </span>
    </p>
   </div>
   <div class='ocr_carea' id='block_1_10' title="bbox 1592 289 2100 1630">
    <p class='ocr_par' dir='ltr' id='par_1_18' title="bbox 1592 289 1773 320">
     <span class='ocr_line' id='line_1_103' title="bbox 1592 289 1773 320; baseline 0 0"><span class='ocrx_word' id='word_1_335' title='bbox 1592 289 1677 320; x_wconf 69' lang='lat'><em>1¹01.</em></span> <span class='ocrx_word' id='word_1_336' title='bbox 1693 290 1773 320; x_wconf 82' lang='lat'>162.</span> 
     </span>
    </p>

    <p class='ocr_par' dir='ltr' id='par_1_19' title="bbox 1593 332 2040 426">
     <span class='ocr_line' id='line_1_104' title="bbox 1593 332 2040 384; baseline 0.004 -14"><span class='ocrx_word' id='word_1_337' title='bbox 1593 332 1778 382; x_wconf 89' lang='lat' dir='ltr'>Rupisset</span> <span class='ocrx_word' id='word_1_338' title='bbox 1857 332 1894 371; x_wconf 51' lang='grc' dir='ltr'>εἴ</span> <span class='ocrx_word' id='word_1_339' title='bbox 1913 344 2040 384; x_wconf 91' lang='lat' dir='ltr'>conpe</span> 
     </span>
     <span class='ocr_line' id='line_1_105' title="bbox 1593 386 1958 426; baseline 0.005 -2"><span class='ocrx_word' id='word_1_340' title='bbox 1593 387 1662 425; x_wconf 92' lang='lat' dir='ltr'>des</span> <span class='ocrx_word' id='word_1_341' title='bbox 1682 386 1958 426; x_wconf 89' lang='lat' dir='ltr'>conminuisset</span> 
     </span>
    </p>

    <p class='ocr_par' dir='ltr' id='par_1_20' title="bbox 1593 441 2042 545">
     <span class='ocr_line' id='line_1_106' title="bbox 1593 441 2042 491; baseline 0.004 -13"><span class='ocrx_word' id='word_1_342' title='bbox 1593 453 1666 479; x_wconf 92' lang='lat' dir='ltr'>nec</span> <span class='ocrx_word' id='word_1_343' title='bbox 1686 441 1890 491; x_wconf 87' lang='lat' dir='ltr'>quisquam</span> <span class='ocrx_word' id='word_1_344' title='bbox 1910 447 2042 490; x_wconf 92' lang='lat' dir='ltr'>posset</span> 
     </span>
     <span class='ocr_line' id='line_1_107' title="bbox 1594 494 2005 545; baseline -0.002 -11"><span class='ocrx_word' id='word_1_345' title='bbox 1594 507 1684 534; x_wconf 91' lang='lat' dir='ltr'>eum</span> <span class='ocrx_word' id='word_1_346' title='bbox 1704 496 1868 545; x_wconf 90' lang='lat' dir='ltr'>amplius</span> <span class='ocrx_word' id='word_1_347' title='bbox 1888 494 2005 534; x_wconf 87' lang='lat' dir='ltr'>doma</span> 
     </span>
    </p>

    <p class='ocr_par' dir='ltr' id='par_1_21' title="bbox 1595 549 2016 588">
     <span class='ocr_line' id='line_1_108' title="bbox 1595 549 2016 588; baseline 0 -1"><span class='ocrx_word' id='word_1_348' title='bbox 1595 562 1635 587; x_wconf 92' lang='lat' dir='ltr'>re</span> <span class='ocrx_word' id='word_1_349' title='bbox 1745 549 1879 588; x_wconf 85' lang='lat' dir='ltr'>⁶nocte</span> <span class='ocrx_word' id='word_1_350' title='bbox 1899 554 2016 587; x_wconf 63' lang='lat' dir='ltr'>aute*</span> 
     </span>
    </p>

    <p class='ocr_par' dir='ltr' id='par_1_22' title="bbox 1593 603 2067 1089">
     <span class='ocr_line' id='line_1_109' title="bbox 1594 603 2042 643; baseline 0 -1"><span class='ocrx_word' id='word_1_351' title='bbox 1594 610 1631 642; x_wconf 89' lang='lat' dir='ltr'>et</span> <span class='ocrx_word' id='word_1_352' title='bbox 1651 603 1711 641; x_wconf 88' lang='lat' dir='ltr'>die</span> <span class='ocrx_word' id='word_1_353' title='bbox 1731 603 1771 641; x_wconf 92' lang='lat' dir='ltr'>in</span> <span class='ocrx_word' id='word_1_354' title='bbox 1790 604 1987 643; x_wconf 88' lang='lat' dir='ltr'>montibus</span> <span class='ocrx_word' id='word_1_355' title='bbox 2005 609 2042 642; x_wconf 91' lang='lat' dir='ltr'>et</span> 
     </span>
     <span class='ocr_line' id='line_1_110' title="bbox 1593 658 1953 696; baseline 0.003 -1"><span class='ocrx_word' id='word_1_356' title='bbox 1593 658 1855 696; x_wconf 87' lang='lat' dir='ltr'>monumentis</span> <span class='ocrx_word' id='word_1_357' title='bbox 1874 663 1953 696; x_wconf 88' lang='lat' dir='ltr'>erat</span> 
     </span>
     <span class='ocr_line' id='line_1_111' title="bbox 1593 711 2002 751; baseline -0.002 -1"><span class='ocrx_word' id='word_1_358' title='bbox 1593 711 1813 751; x_wconf 87' lang='lat' dir='ltr'>exclamans</span> <span class='ocrx_word' id='word_1_359' title='bbox 1833 718 1871 750; x_wconf 91' lang='lat' dir='ltr'>et</span> <span class='ocrx_word' id='word_1_360' title='bbox 1890 711 2002 751; x_wconf 86' lang='lat' dir='ltr'>conci</span> 
     </span>
     <span class='ocr_line' id='line_1_112' title="bbox 1595 765 2059 817; baseline -0.002 -13"><span class='ocrx_word' id='word_1_361' title='bbox 1595 766 1692 805; x_wconf 89' lang='lat' dir='ltr'>dens</span> <span class='ocrx_word' id='word_1_362' title='bbox 1712 778 1752 805; x_wconf 87' lang='lat' dir='ltr'>se</span> <span class='ocrx_word' id='word_1_363' title='bbox 1771 766 1963 817; x_wconf 91' lang='lat' dir='ltr'>lapidibus</span> <span class='ocrx_word' id='word_1_364' title='bbox 2001 765 2059 803; x_wconf 67' lang='lat' dir='ltr'>“ui</span> 
     </span>
     <span class='ocr_line' id='line_1_113' title="bbox 1595 820 2067 859; baseline -0.002 0"><span class='ocrx_word' id='word_1_365' title='bbox 1595 821 1690 859; x_wconf 89' lang='lat' dir='ltr'>dens</span> <span class='ocrx_word' id='word_1_366' title='bbox 1709 827 1840 859; x_wconf 92' lang='lat' dir='ltr'>autem</span> <span class='ocrx_word' id='word_1_367' title='bbox 1858 821 1938 858; x_wconf 83' lang='lat' dir='ltr'>ihm</span> <span class='ocrx_word' id='word_1_368' title='bbox 1958 833 1981 858; x_wconf 92' lang='lat' dir='ltr'>a</span> <span class='ocrx_word' id='word_1_369' title='bbox 2000 820 2067 858; x_wconf 69' lang='lat' dir='ltr'>lo-</span> 
     </span>
     <span class='ocr_line' id='line_1_114' title="bbox 1596 875 2025 925; baseline -0.002 -12"><span class='ocrx_word' id='word_1_370' title='bbox 1596 887 1643 925; x_wconf 89' lang='lat' dir='ltr'>ge</span> <span class='ocrx_word' id='word_1_371' title='bbox 1664 876 1830 914; x_wconf 88' lang='lat' dir='ltr'>cucurrit</span> <span class='ocrx_word' id='word_1_372' title='bbox 1849 882 1887 913; x_wconf 89' lang='lat' dir='ltr'>et</span> <span class='ocrx_word' id='word_1_373' title='bbox 1906 875 2025 913; x_wconf 89' lang='lat' dir='ltr'>adora</span> 
     </span>
     <span class='ocr_line' id='line_1_115' title="bbox 1596 928 2055 968; baseline -0.002 -1"><span class='ocrx_word' id='word_1_374' title='bbox 1596 930 1651 967; x_wconf 93' lang='lat' dir='ltr'>uit</span> <span class='ocrx_word' id='word_1_375' title='bbox 1670 941 1761 967; x_wconf 93' lang='lat' dir='ltr'>eum</span> <span class='ocrx_word' id='word_1_376' title='bbox 1869 929 1926 968; x_wconf 88' lang='lat' dir='ltr'>⁷et</span> <span class='ocrx_word' id='word_1_377' title='bbox 1945 928 2055 967; x_wconf 88' lang='lat' dir='ltr'>excla</span> 
     </span>
     <span class='ocr_line' id='line_1_116' title="bbox 1597 995 1987 1033; baseline 0.003 -12"><span class='ocrx_word' id='word_1_378' title='bbox 1597 995 1709 1022; x_wconf 88' lang='lat' dir='ltr'>mans</span> <span class='ocrx_word' id='word_1_379' title='bbox 1728 996 1825 1022; x_wconf 91' lang='lat' dir='ltr'>uoce</span> <span class='ocrx_word' id='word_1_380' title='bbox 1844 996 1987 1033; x_wconf 89' lang='lat' dir='ltr'>magna</span> 
     </span>
     <span class='ocr_line' id='line_1_117' title="bbox 1597 1038 2008 1089; baseline 0 -14"><span class='ocrx_word' id='word_1_381' title='bbox 1597 1038 1691 1076; x_wconf 87' lang='lat' dir='ltr'>dixit</span> <span class='ocrx_word' id='word_1_382' title='bbox 1801 1038 1895 1089; x_wconf 91' lang='lat' dir='ltr'>quid</span> <span class='ocrx_word' id='word_1_383' title='bbox 1914 1038 2008 1076; x_wconf 89' lang='lat' dir='ltr'>mihi</span> 
     </span>
    </p>

    <p class='ocr_par' dir='ltr' id='par_1_23' title="bbox 1595 1091 2094 1250">
     <span class='ocr_line' id='line_1_118' title="bbox 1597 1091 2094 1131; baseline -0.002 -1"><span class='ocrx_word' id='word_1_384' title='bbox 1597 1099 1634 1130; x_wconf 92' lang='lat' dir='ltr'>et</span> <span class='ocrx_word' id='word_1_385' title='bbox 1652 1092 1720 1130; x_wconf 89' lang='lat' dir='ltr'>tibi</span> <span class='ocrx_word' id='word_1_386' title='bbox 1740 1092 1798 1130; x_wconf 80' lang='lat' dir='ltr'>ihs</span> <span class='ocrx_word' id='word_1_387' title='bbox 1817 1092 1870 1130; x_wconf 89' lang='lat' dir='ltr'>fili</span> <span class='ocrx_word' id='word_1_388' title='bbox 1889 1091 1930 1130; x_wconf 78' lang='lat' dir='ltr'>di</span> <span class='ocrx_word' id='word_1_389' title='bbox 1952 1091 2094 1131; x_wconf 89' lang='lat' dir='ltr'>summi</span> 
     </span>
     <span class='ocr_line' id='line_1_119' title="bbox 1597 1146 2072 1197; baseline -0.004 -12"><span class='ocrx_word' id='word_1_390' title='bbox 1597 1147 1732 1186; x_wconf 90' lang='lat' dir='ltr'>adiuro</span> <span class='ocrx_word' id='word_1_391' title='bbox 1751 1153 1787 1185; x_wconf 93' lang='lat' dir='ltr'>te</span> <span class='ocrx_word' id='word_1_392' title='bbox 1806 1159 1876 1197; x_wconf 89' lang='lat' dir='ltr'>per</span> <span class='ocrx_word' id='word_1_393' title='bbox 1896 1146 2013 1184; x_wconf 89' lang='lat' dir='ltr'>deum</span> <span class='ocrx_word' id='word_1_394' title='bbox 2033 1146 2072 1184; x_wconf 93' lang='lat' dir='ltr'>ui</span> 
     </span>
     <span class='ocr_line' id='line_1_120' title="bbox 1595 1207 2041 1250; baseline 0 -12"><span class='ocrx_word' id='word_1_395' title='bbox 1595 1213 1690 1238; x_wconf 92' lang='lat' dir='ltr'>uum</span> <span class='ocrx_word' id='word_1_396' title='bbox 1709 1213 1758 1239; x_wconf 90' lang='lat' dir='ltr'>ne</span> <span class='ocrx_word' id='word_1_397' title='bbox 1777 1213 1841 1239; x_wconf 91' lang='lat' dir='ltr'>me</span> <span class='ocrx_word' id='word_1_398' title='bbox 1861 1207 2041 1250; x_wconf 87' lang='lat' dir='ltr'>torqueas</span> 
     </span>
    </p>

    <p class='ocr_par' dir='ltr' id='par_1_24' title="bbox 1595 1254 2100 1630">
     <span class='ocr_line' id='line_1_121' title="bbox 1595 1254 2095 1293; baseline -0.002 0"><span class='ocrx_word' id='word_1_399' title='bbox 1595 1255 1608 1276; x_wconf 79' lang='lat'>⁸</span> <span class='ocrx_word' id='word_1_400' title='bbox 1617 1255 1782 1293; x_wconf 91' lang='lat' dir='ltr'>Dicebat</span> <span class='ocrx_word' id='word_1_401' title='bbox 1795 1255 1899 1293; x_wconf 92' lang='lat' dir='ltr'>enim</span> <span class='ocrx_word' id='word_1_402' title='bbox 1911 1255 2026 1292; x_wconf 86' lang='lat' dir='ltr'>illiihs</span> <span class='ocrx_word' id='word_1_403' title='bbox 2034 1254 2095 1292; x_wconf 88' lang='lat' dir='ltr'>exi</span> 
     </span>
     <span class='ocr_line' id='line_1_122' title="bbox 1597 1309 2068 1358; baseline -0.004 -10"><span class='ocrx_word' id='word_1_404' title='bbox 1597 1310 1646 1348; x_wconf 91' lang='lat' dir='ltr'>ab</span> <span class='ocrx_word' id='word_1_405' title='bbox 1666 1309 1823 1348; x_wconf 90' lang='lat' dir='ltr'>homine</span> <span class='ocrx_word' id='word_1_406' title='bbox 1845 1312 1910 1358; x_wconf 68' lang='lat' dir='ltr'>sps</span> <span class='ocrx_word' id='word_1_407' title='bbox 1931 1310 2068 1347; x_wconf 62' lang='lat' dir='ltr'>inmu-</span> 
     </span>
     <span class='ocr_line' id='line_1_123' title="bbox 1597 1363 2025 1413; baseline 0 -11"><span class='ocrx_word' id='word_1_408' title='bbox 1597 1364 1645 1402; x_wconf 93' lang='lat' dir='ltr'>de</span> <span class='ocrx_word' id='word_1_409' title='bbox 1756 1364 1812 1401; x_wconf 82' lang='lat' dir='ltr'>⁹et</span> <span class='ocrx_word' id='word_1_410' title='bbox 1831 1363 2025 1413; x_wconf 87' lang='lat' dir='ltr'>interroga</span> 
     </span>
     <span class='ocr_line' id='line_1_124' title="bbox 1597 1417 2050 1466; baseline -0.002 -10"><span class='ocrx_word' id='word_1_411' title='bbox 1597 1419 1652 1456; x_wconf 87' lang='lat' dir='ltr'>uit</span> <span class='ocrx_word' id='word_1_412' title='bbox 1671 1429 1760 1456; x_wconf 91' lang='lat' dir='ltr'>eum</span> <span class='ocrx_word' id='word_1_413' title='bbox 1779 1418 1838 1456; x_wconf 83' lang='lat' dir='ltr'>ihs</span> <span class='ocrx_word' id='word_1_414' title='bbox 1859 1417 1964 1466; x_wconf 92' lang='lat' dir='ltr'>quod</span> <span class='ocrx_word' id='word_1_415' title='bbox 1983 1417 2050 1456; x_wconf 92' lang='lat' dir='ltr'>tibi</span> 
     </span>
     <span class='ocr_line' id='line_1_125' title="bbox 1599 1470 2098 1522; baseline -0.002 -12"><span class='ocrx_word' id='word_1_416' title='bbox 1599 1484 1745 1510; x_wconf 91' lang='lat' dir='ltr'>nomen</span> <span class='ocrx_word' id='word_1_417' title='bbox 1764 1478 1822 1510; x_wconf 88' lang='lat' dir='ltr'>est</span> <span class='ocrx_word' id='word_1_418' title='bbox 1840 1470 1868 1492; x_wconf 88' lang='lat'>¹⁰</span> <span class='ocrx_word' id='word_1_419' title='bbox 1876 1478 1913 1510; x_wconf 92' lang='lat' dir='ltr'>et</span> <span class='ocrx_word' id='word_1_420' title='bbox 1934 1472 2098 1522; x_wconf 89' lang='lat' dir='ltr'>depreca</span> 
     </span>
     <span class='ocr_line' id='line_1_126' title="bbox 1599 1526 2100 1575; baseline -0.004 -11"><span class='ocrx_word' id='word_1_421' title='bbox 1599 1528 1739 1564; x_wconf 92' lang='lat' dir='ltr'>bantur</span> <span class='ocrx_word' id='word_1_422' title='bbox 1760 1538 1852 1570; x_wconf 87' lang='lat' dir='ltr'>eum</span> <span class='ocrx_word' id='word_1_423' title='bbox 1876 1529 1942 1575; x_wconf 71' lang='lat' dir='ltr'>sps</span> <span class='ocrx_word' id='word_1_424' title='bbox 1962 1526 2100 1563; x_wconf 70' lang='lat' dir='ltr'>inmu-</span> 
     </span>
     <span class='ocr_line' id='line_1_127' title="bbox 1600 1579 2023 1630; baseline -0.002 -11"><span class='ocrx_word' id='word_1_425' title='bbox 1600 1581 1638 1619; x_wconf 90' lang='lat' dir='ltr'>di</span> <span class='ocrx_word' id='word_1_426' title='bbox 1657 1580 1822 1619; x_wconf 90' lang='lat' dir='ltr'>multum</span> <span class='ocrx_word' id='word_1_427' title='bbox 1841 1592 1891 1619; x_wconf 90' lang='lat' dir='ltr'>ne</span> <span class='ocrx_word' id='word_1_428' title='bbox 1909 1579 2023 1630; x_wconf 89' lang='lat' dir='ltr'>expel</span> 
     </span>
    </p>
   </div>
   <div class='ocr_carea' id='block_1_11' title="bbox 1601 1719 2103 3017">
    <p class='ocr_par' dir='ltr' id='par_1_25' title="bbox 1601 1719 2045 2248">
     <span class='ocr_line' id='line_1_128' title="bbox 1602 1719 1999 1771; baseline 0.003 -12"><span class='ocrx_word' id='word_1_429' title='bbox 1602 1721 1716 1759; x_wconf 89' lang='lat' dir='ltr'>Leret</span> <span class='ocrx_word' id='word_1_430' title='bbox 1736 1732 1805 1759; x_wconf 92' lang='lat' dir='ltr'>eos</span> <span class='ocrx_word' id='word_1_431' title='bbox 1824 1719 1872 1759; x_wconf 92' lang='lat' dir='ltr'>de</span> <span class='ocrx_word' id='word_1_432' title='bbox 1892 1722 1999 1771; x_wconf 86' lang='lat' dir='ltr'>regio</span> 
     </span>
     <span class='ocr_line' id='line_1_129' title="bbox 1601 1773 1987 1814; baseline 0.003 -1"><span class='ocrx_word' id='word_1_433' title='bbox 1601 1787 1691 1814; x_wconf 90' lang='lat' dir='ltr'>nem</span> <span class='ocrx_word' id='word_1_434' title='bbox 1802 1773 1829 1795; x_wconf 81' lang='lat'>¹¹</span> <span class='ocrx_word' id='word_1_435' title='bbox 1837 1782 1918 1813; x_wconf 87' lang='lat' dir='ltr'>erat</span> <span class='ocrx_word' id='word_1_436' title='bbox 1937 1787 1987 1814; x_wconf 90' lang='lat' dir='ltr'>au</span> 
     </span>
     <span class='ocr_line' id='line_1_130' title="bbox 1602 1829 1989 1868; baseline -0.003 0"><span class='ocrx_word' id='word_1_437' title='bbox 1602 1837 1679 1868; x_wconf 92' lang='lat' dir='ltr'>tem</span> <span class='ocrx_word' id='word_1_438' title='bbox 1701 1829 1753 1867; x_wconf 88' lang='lat' dir='ltr'>ibi</span> <span class='ocrx_word' id='word_1_439' title='bbox 1773 1829 1874 1868; x_wconf 90' lang='lat' dir='ltr'>circa</span> <span class='ocrx_word' id='word_1_440' title='bbox 1893 1842 1989 1868; x_wconf 90' lang='lat' dir='ltr'>mon</span> 
     </span>
     <span class='ocr_line' id='line_1_131' title="bbox 1601 1889 2007 1934; baseline 0 -12"><span class='ocrx_word' id='word_1_441' title='bbox 1601 1891 1679 1923; x_wconf 90' lang='lat' dir='ltr'>tem</span> <span class='ocrx_word' id='word_1_442' title='bbox 1699 1896 1792 1934; x_wconf 87' lang='lat' dir='ltr'>grex</span> <span class='ocrx_word' id='word_1_443' title='bbox 1812 1889 2007 1934; x_wconf 74' lang='lat' dir='ltr'>porcoru‘</span> 
     </span>
     <span class='ocr_line' id='line_1_132' title="bbox 1603 1938 2045 1988; baseline 0 -12"><span class='ocrx_word' id='word_1_444' title='bbox 1603 1950 1768 1988; x_wconf 90' lang='lat' dir='ltr'>pascens</span> <span class='ocrx_word' id='word_1_445' title='bbox 1787 1938 1859 1976; x_wconf 82' lang='lat' dir='ltr'>1²et</span> <span class='ocrx_word' id='word_1_446' title='bbox 1879 1938 2045 1988; x_wconf 88' lang='lat' dir='ltr'>depreca</span> 
     </span>
     <span class='ocr_line' id='line_1_133' title="bbox 1602 1993 1997 2042; baseline 0 -11"><span class='ocrx_word' id='word_1_447' title='bbox 1602 1994 1742 2031; x_wconf 89' lang='lat' dir='ltr'>bantur</span> <span class='ocrx_word' id='word_1_448' title='bbox 1761 2004 1851 2030; x_wconf 92' lang='lat' dir='ltr'>eum</span> <span class='ocrx_word' id='word_1_449' title='bbox 1872 1996 1939 2042; x_wconf 76' lang='lat' dir='ltr'>sps</span> <span class='ocrx_word' id='word_1_450' title='bbox 1959 1993 1997 2031; x_wconf 91' lang='lat' dir='ltr'>di</span> 
     </span>
     <span class='ocr_line' id='line_1_134' title="bbox 1604 2047 2014 2085; baseline 0 -1"><span class='ocrx_word' id='word_1_451' title='bbox 1604 2054 1735 2085; x_wconf 90' lang='lat' dir='ltr'>centes</span> <span class='ocrx_word' id='word_1_452' title='bbox 1755 2047 1861 2085; x_wconf 88' lang='lat' dir='ltr'>mitte</span> <span class='ocrx_word' id='word_1_453' title='bbox 1882 2059 1954 2085; x_wconf 93' lang='lat' dir='ltr'>nos</span> <span class='ocrx_word' id='word_1_454' title='bbox 1973 2047 2014 2085; x_wconf 93' lang='lat' dir='ltr'>in</span> 
     </span>
     <span class='ocr_line' id='line_1_135' title="bbox 1603 2101 2010 2151; baseline 0 -12"><span class='ocrx_word' id='word_1_455' title='bbox 1603 2112 1746 2151; x_wconf 90' lang='lat' dir='ltr'>porcos</span> <span class='ocrx_word' id='word_1_456' title='bbox 1764 2107 1805 2138; x_wconf 92' lang='lat' dir='ltr'>ut</span> <span class='ocrx_word' id='word_1_457' title='bbox 1824 2101 1864 2138; x_wconf 91' lang='lat' dir='ltr'>in</span> <span class='ocrx_word' id='word_1_458' title='bbox 1883 2113 1951 2139; x_wconf 88' lang='lat' dir='ltr'>eos</span> <span class='ocrx_word' id='word_1_459' title='bbox 1970 2101 2010 2139; x_wconf 91' lang='lat' dir='ltr'>in</span> 
     </span>
     <span class='ocr_line' id='line_1_136' title="bbox 1603 2155 2041 2194; baseline 0 -1"><span class='ocrx_word' id='word_1_460' title='bbox 1603 2162 1797 2193; x_wconf 87' lang='lat' dir='ltr'>troeamus</span> <span class='ocrx_word' id='word_1_461' title='bbox 1816 2155 1888 2194; x_wconf 82' lang='lat' dir='ltr'>13et</span> <span class='ocrx_word' id='word_1_462' title='bbox 1911 2155 2041 2194; x_wconf 89' lang='lat' dir='ltr'>statim</span> 
     </span>
     <span class='ocr_line' id='line_1_137' title="bbox 1604 2209 1993 2248; baseline 0.003 -1"><span class='ocrx_word' id='word_1_463' title='bbox 1604 2210 1689 2248; x_wconf 72' lang='lat' dir='ltr'>dms</span> <span class='ocrx_word' id='word_1_464' title='bbox 1709 2209 1767 2247; x_wconf 88' lang='lat' dir='ltr'>ihs</span> <span class='ocrx_word' id='word_1_465' title='bbox 1786 2210 1889 2248; x_wconf 91' lang='lat' dir='ltr'>misit</span> <span class='ocrx_word' id='word_1_466' title='bbox 1908 2210 1993 2248; x_wconf 89' lang='lat' dir='ltr'>illos</span> 
     </span>
    </p>

    <p class='ocr_par' dir='ltr' id='par_1_26' title="bbox 1603 2264 1803 2314">
     <span class='ocr_line' id='line_1_138' title="bbox 1603 2264 1803 2314; baseline -0.005 -12"><span class='ocrx_word' id='word_1_467' title='bbox 1603 2264 1643 2302; x_wconf 93' lang='lat' dir='ltr'>in</span> <span class='ocrx_word' id='word_1_468' title='bbox 1662 2275 1803 2314; x_wconf 92' lang='lat' dir='ltr'>porcus</span> 
     </span>
    </p>

    <p class='ocr_par' dir='ltr' id='par_1_27' title="bbox 1605 2319 2103 2530">
     <span class='ocr_line' id='line_1_139' title="bbox 1605 2319 2103 2368; baseline 0 -12"><span class='ocrx_word' id='word_1_469' title='bbox 1605 2319 1656 2356; x_wconf 92' lang='lat' dir='ltr'>Et</span> <span class='ocrx_word' id='word_1_470' title='bbox 1676 2325 1861 2357; x_wconf 87' lang='lat' dir='ltr'>exeuntes</span> <span class='ocrx_word' id='word_1_471' title='bbox 1881 2322 1947 2368; x_wconf 76' lang='lat' dir='ltr'>sps</span> <span class='ocrx_word' id='word_1_472' title='bbox 1967 2319 2103 2356; x_wconf 67' lang='lat' dir='ltr'>inmu-</span> 
     </span>
     <span class='ocr_line' id='line_1_140' title="bbox 1606 2372 2036 2422; baseline 0 -11"><span class='ocrx_word' id='word_1_473' title='bbox 1606 2372 1644 2411; x_wconf 93' lang='lat' dir='ltr'>di</span> <span class='ocrx_word' id='word_1_474' title='bbox 1664 2372 1885 2411; x_wconf 88' lang='lat' dir='ltr'>introierunt</span> <span class='ocrx_word' id='word_1_475' title='bbox 1905 2373 1945 2410; x_wconf 93' lang='lat' dir='ltr'>in</span> <span class='ocrx_word' id='word_1_476' title='bbox 1964 2384 2036 2422; x_wconf 92' lang='lat' dir='ltr'>por</span> 
     </span>
     <span class='ocr_line' id='line_1_141' title="bbox 1606 2427 2048 2477; baseline 0 -12"><span class='ocrx_word' id='word_1_477' title='bbox 1606 2438 1674 2465; x_wconf 93' lang='lat' dir='ltr'>cos</span> <span class='ocrx_word' id='word_1_478' title='bbox 1693 2433 1731 2464; x_wconf 95' lang='lat' dir='ltr'>et</span> <span class='ocrx_word' id='word_1_479' title='bbox 1749 2427 1882 2476; x_wconf 93' lang='lat' dir='ltr'>inpetu</span> <span class='ocrx_word' id='word_1_480' title='bbox 1902 2438 2048 2477; x_wconf 88' lang='lat' dir='ltr'>magno</span> 
     </span>
     <span class='ocr_line' id='line_1_142' title="bbox 1606 2481 1968 2530; baseline 0 -12"><span class='ocrx_word' id='word_1_481' title='bbox 1606 2493 1700 2530; x_wconf 88' lang='lat' dir='ltr'>grex</span> <span class='ocrx_word' id='word_1_482' title='bbox 1720 2481 1968 2530; x_wconf 90' lang='lat' dir='ltr'>precipitatus</span> 
     </span>
    </p>

    <p class='ocr_par' dir='ltr' id='par_1_28' title="bbox 1606 2534 2050 2681">
     <span class='ocr_line' id='line_1_143' title="bbox 1607 2534 2050 2585; baseline 0 -13"><span class='ocrx_word' id='word_1_483' title='bbox 1607 2541 1665 2572; x_wconf 89' lang='lat' dir='ltr'>est</span> <span class='ocrx_word' id='word_1_484' title='bbox 1685 2535 1723 2572; x_wconf 91' lang='lat' dir='ltr'>in</span> <span class='ocrx_word' id='word_1_485' title='bbox 1743 2546 1849 2572; x_wconf 91' lang='lat' dir='ltr'>mare</span> <span class='ocrx_word' id='word_1_486' title='bbox 1870 2534 1980 2585; x_wconf 90' lang='lat' dir='ltr'>quasi</span> <span class='ocrx_word' id='word_1_487' title='bbox 1999 2534 2050 2573; x_wconf 90' lang='lat' dir='ltr'>ad</span> 
     </span>
     <span class='ocr_line' id='line_1_144' title="bbox 1607 2588 1989 2627; baseline 0.003 -1"><span class='ocrx_word' id='word_1_488' title='bbox 1607 2588 1686 2627; x_wconf 92' lang='lat' dir='ltr'>duo</span> <span class='ocrx_word' id='word_1_489' title='bbox 1707 2588 1812 2627; x_wconf 84' lang='lat' dir='ltr'>milia</span> <span class='ocrx_word' id='word_1_490' title='bbox 1831 2596 1868 2627; x_wconf 95' lang='lat' dir='ltr'>et</span> <span class='ocrx_word' id='word_1_491' title='bbox 1888 2589 1989 2627; x_wconf 85' lang='lat' dir='ltr'>suffo</span> 
     </span>
     <span class='ocr_line' id='line_1_145' title="bbox 1606 2642 1975 2681; baseline 0 -1"><span class='ocrx_word' id='word_1_492' title='bbox 1606 2642 1681 2681; x_wconf 92' lang='lat' dir='ltr'>cati</span> <span class='ocrx_word' id='word_1_493' title='bbox 1701 2649 1790 2681; x_wconf 90' lang='lat' dir='ltr'>sunt</span> <span class='ocrx_word' id='word_1_494' title='bbox 1809 2643 1848 2680; x_wconf 90' lang='lat' dir='ltr'>in</span> <span class='ocrx_word' id='word_1_495' title='bbox 1867 2655 1975 2681; x_wconf 91' lang='lat' dir='ltr'>mare</span> 
     </span>
    </p>

    <p class='ocr_par' dir='ltr' id='par_1_29' title="bbox 1607 2696 2070 2844">
     <span class='ocr_line' id='line_1_146' title="bbox 1607 2696 2070 2748; baseline 0.004 -14"><span class='ocrx_word' id='word_1_496' title='bbox 1607 2696 1634 2718; x_wconf 81' lang='lat'>²⁴</span> <span class='ocrx_word' id='word_1_497' title='bbox 1641 2697 1707 2747; x_wconf 90' lang='lat' dir='ltr'>qui</span> <span class='ocrx_word' id='word_1_498' title='bbox 1726 2703 1854 2735; x_wconf 90' lang='lat' dir='ltr'>autem</span> <span class='ocrx_word' id='word_1_499' title='bbox 1873 2698 2070 2748; x_wconf 63' lang='lat' dir='ltr'>pasceba-</span> 
     </span>
     <span class='ocr_line' id='line_1_147' title="bbox 1607 2751 1962 2802; baseline 0.003 -13"><span class='ocrx_word' id='word_1_500' title='bbox 1607 2751 1694 2790; x_wconf 87' lang='lat' dir='ltr'>illos</span> <span class='ocrx_word' id='word_1_501' title='bbox 1713 2751 1906 2802; x_wconf 81' lang='lat' dir='ltr'>fugierunt</span> <span class='ocrx_word' id='word_1_502' title='bbox 1924 2758 1962 2790; x_wconf 92' lang='lat' dir='ltr'>et</span> 
     </span>
     <span class='ocr_line' id='line_1_148' title="bbox 1609 2807 1924 2844; baseline 0.003 -1"><span class='ocrx_word' id='word_1_503' title='bbox 1609 2807 1924 2844; x_wconf 87' lang='lat' dir='ltr'>renuntiauerunt</span> 
     </span>
    </p>

    <p class='ocr_par' dir='ltr' id='par_1_30' title="bbox 1605 2859 1978 2963">
     <span class='ocr_line' id='line_1_149' title="bbox 1607 2859 1978 2899; baseline -0.003 -2"><span class='ocrx_word' id='word_1_504' title='bbox 1607 2860 1647 2898; x_wconf 93' lang='lat' dir='ltr'>in</span> <span class='ocrx_word' id='word_1_505' title='bbox 1671 2860 1864 2898; x_wconf 89' lang='lat' dir='ltr'>ciuitatem</span> <span class='ocrx_word' id='word_1_506' title='bbox 1883 2867 1920 2899; x_wconf 92' lang='lat' dir='ltr'>et</span> <span class='ocrx_word' id='word_1_507' title='bbox 1939 2859 1978 2897; x_wconf 93' lang='lat' dir='ltr'>in</span> 
     </span>
     <span class='ocr_line' id='line_1_150' title="bbox 1605 2926 1720 2963; baseline 0 -11"><span class='ocrx_word' id='word_1_508' title='bbox 1605 2926 1720 2963; x_wconf 89' lang='lat' dir='ltr'>agros</span> 
     </span>
    </p>

    <p class='ocr_par' dir='ltr' id='par_1_31' title="bbox 1605 2967 2076 3017">
     <span class='ocr_line' id='line_1_151' title="bbox 1605 2967 2076 3017; baseline -0.004 -11"><span class='ocrx_word' id='word_1_509' title='bbox 1605 2967 1655 3006; x_wconf 92' lang='lat' dir='ltr'>Et</span> <span class='ocrx_word' id='word_1_510' title='bbox 1675 2967 1818 3017; x_wconf 90' lang='lat' dir='ltr'>egressi</span> <span class='ocrx_word' id='word_1_511' title='bbox 1838 2974 1927 3006; x_wconf 91' lang='lat' dir='ltr'>sunt</span> <span class='ocrx_word' id='word_1_512' title='bbox 1946 2967 2076 3006; x_wconf 90' lang='lat' dir='ltr'>uidere</span> 
     </span>
    </p>
   </div>
   <div class='ocr_carea' id='block_1_12' title="bbox 2358 199 2628 254">
    <p class='ocr_par' dir='ltr' id='par_1_32' title="bbox 2358 199 2628 254">
     <span class='ocr_line' id='line_1_152' title="bbox 2358 199 2628 254; baseline 0 -13"><span class='ocrx_word' id='word_1_513' title='bbox 2358 199 2424 254; x_wconf 81' lang='lat' dir='ltr'>[w.</span> <span class='ocrx_word' id='word_1_514' title='bbox 2448 215 2552 250; x_wconf 83' lang='lat' dir='ltr'><strong>24-v.</strong></span> <span class='ocrx_word' id='word_1_515' title='bbox 2575 218 2628 251; x_wconf 73' lang='lat'>24.</span> 
     </span>
    </p>
   </div>
   <div class='ocr_carea' id='block_1_13' title="bbox 2125 333 2628 1619">
    <p class='ocr_par' dir='ltr' id='par_1_33' title="bbox 2125 333 2559 643">
     <span class='ocr_line' id='line_1_153' title="bbox 2126 333 2558 384; baseline 0.002 -13"><span class='ocrx_word' id='word_1_516' title='bbox 2126 333 2233 381; x_wconf 88' lang='lat' dir='ltr'>Quid</span> <span class='ocrx_word' id='word_1_517' title='bbox 2251 343 2353 373; x_wconf 89' lang='lat' dir='ltr'>esset</span> <span class='ocrx_word' id='word_1_518' title='bbox 2371 333 2478 384; x_wconf 92' lang='lat' dir='ltr'>quod</span> <span class='ocrx_word' id='word_1_519' title='bbox 2497 333 2558 373; x_wconf 86' lang='lat' dir='ltr'>fac</span> 
     </span>
     <span class='ocr_line' id='line_1_154' title="bbox 2125 388 2559 427; baseline 0.002 -2"><span class='ocrx_word' id='word_1_520' title='bbox 2125 394 2208 426; x_wconf 91' lang='lat' dir='ltr'>tum</span> <span class='ocrx_word' id='word_1_521' title='bbox 2231 394 2290 426; x_wconf 90' lang='lat' dir='ltr'>est</span> <span class='ocrx_word' id='word_1_522' title='bbox 2308 388 2380 427; x_wconf 86' lang='lat' dir='ltr'>¹⁵et</span> <span class='ocrx_word' id='word_1_523' title='bbox 2399 388 2559 426; x_wconf 91' lang='lat' dir='ltr'>ueniunt</span> 
     </span>
     <span class='ocr_line' id='line_1_155' title="bbox 2125 442 2556 481; baseline 0 -1"><span class='ocrx_word' id='word_1_524' title='bbox 2125 442 2176 480; x_wconf 90' lang='lat' dir='ltr'>ad</span> <span class='ocrx_word' id='word_1_525' title='bbox 2194 442 2275 480; x_wconf 85' lang='lat' dir='ltr'>ihm</span> <span class='ocrx_word' id='word_1_526' title='bbox 2295 449 2332 480; x_wconf 92' lang='lat' dir='ltr'>et</span> <span class='ocrx_word' id='word_1_527' title='bbox 2350 442 2483 481; x_wconf 91' lang='lat' dir='ltr'>uident</span> <span class='ocrx_word' id='word_1_528' title='bbox 2501 442 2556 481; x_wconf 93' lang='lat' dir='ltr'>ho</span> 
     </span>
     <span class='ocr_line' id='line_1_156' title="bbox 2125 496 2552 547; baseline 0.002 -13"><span class='ocrx_word' id='word_1_529' title='bbox 2125 497 2271 534; x_wconf 90' lang='lat' dir='ltr'>minem</span> <span class='ocrx_word' id='word_1_530' title='bbox 2289 496 2397 534; x_wconf 92' lang='lat' dir='ltr'>illum</span> <span class='ocrx_word' id='word_1_531' title='bbox 2416 497 2483 547; x_wconf 91' lang='lat' dir='ltr'>qui</span> <span class='ocrx_word' id='word_1_532' title='bbox 2501 508 2552 535; x_wconf 88' lang='lat' dir='ltr'>ue</span> 
     </span>
     <span class='ocr_line' id='line_1_157' title="bbox 2126 550 2534 589; baseline 0 -1"><span class='ocrx_word' id='word_1_533' title='bbox 2126 551 2290 589; x_wconf 88' lang='lat' dir='ltr'>xabatur</span> <span class='ocrx_word' id='word_1_534' title='bbox 2307 563 2331 589; x_wconf 92' lang='lat' dir='ltr'>a</span> <span class='ocrx_word' id='word_1_535' title='bbox 2350 550 2534 589; x_wconf 88' lang='lat' dir='ltr'>demonio</span> 
     </span>
     <span class='ocr_line' id='line_1_158' title="bbox 2128 603 2518 643; baseline 0 -1"><span class='ocrx_word' id='word_1_536' title='bbox 2128 603 2329 643; x_wconf 89' lang='lat' dir='ltr'>sedentem</span> <span class='ocrx_word' id='word_1_537' title='bbox 2348 605 2518 643; x_wconf 70' lang='lat' dir='ltr'>uestitu-</span> 
     </span>
    </p>

    <p class='ocr_par' dir='ltr' id='par_1_34' title="bbox 2125 659 2526 751">
     <span class='ocr_line' id='line_1_159' title="bbox 2127 659 2526 697; baseline 0 -1"><span class='ocrx_word' id='word_1_538' title='bbox 2127 665 2166 697; x_wconf 92' lang='lat' dir='ltr'>et</span> <span class='ocrx_word' id='word_1_539' title='bbox 2186 670 2302 697; x_wconf 90' lang='lat' dir='ltr'>sanae</span> <span class='ocrx_word' id='word_1_540' title='bbox 2322 659 2461 697; x_wconf 88' lang='lat' dir='ltr'>mentis</span> <span class='ocrx_word' id='word_1_541' title='bbox 2481 670 2526 697; x_wconf 93' lang='lat' dir='ltr'>so</span> 
     </span>
     <span class='ocr_line' id='line_1_160' title="bbox 2125 712 2519 751; baseline 0.003 -1"><span class='ocrx_word' id='word_1_542' title='bbox 2125 712 2253 750; x_wconf 87' lang='lat' dir='ltr'>brium</span> <span class='ocrx_word' id='word_1_543' title='bbox 2271 719 2309 751; x_wconf 92' lang='lat' dir='ltr'>et</span> <span class='ocrx_word' id='word_1_544' title='bbox 2326 713 2519 751; x_wconf 71' lang='lat' dir='ltr'>timueru-</span> 
     </span>
    </p>

    <p class='ocr_par' dir='ltr' id='par_1_35' title="bbox 2126 765 2574 914">
     <span class='ocr_line' id='line_1_161' title="bbox 2126 765 2548 805; baseline 0 -1"><span class='ocrx_word' id='word_1_545' title='bbox 2126 765 2155 787; x_wconf 83' lang='lat'>²⁶</span> <span class='ocrx_word' id='word_1_546' title='bbox 2162 773 2414 805; x_wconf 89' lang='lat' dir='ltr'>narrauerunt</span> <span class='ocrx_word' id='word_1_547' title='bbox 2432 771 2548 805; x_wconf 71' lang='lat' dir='ltr'>aute*</span> 
     </span>
     <span class='ocr_line' id='line_1_162' title="bbox 2127 820 2574 871; baseline 0 -13"><span class='ocrx_word' id='word_1_548' title='bbox 2127 820 2200 860; x_wconf 91' lang='lat' dir='ltr'>illis</span> <span class='ocrx_word' id='word_1_549' title='bbox 2219 821 2285 871; x_wconf 91' lang='lat' dir='ltr'>qui</span> <span class='ocrx_word' id='word_1_550' title='bbox 2304 820 2478 859; x_wconf 90' lang='lat' dir='ltr'>uiderant</span> <span class='ocrx_word' id='word_1_551' title='bbox 2496 832 2574 871; x_wconf 89' lang='lat' dir='ltr'>qua</span> 
     </span>
     <span class='ocr_line' id='line_1_163' title="bbox 2129 875 2499 914; baseline -0.003 0"><span class='ocrx_word' id='word_1_552' title='bbox 2129 875 2213 914; x_wconf 91' lang='lat' dir='ltr'>liter</span> <span class='ocrx_word' id='word_1_553' title='bbox 2232 875 2377 913; x_wconf 90' lang='lat' dir='ltr'>factum</span> <span class='ocrx_word' id='word_1_554' title='bbox 2396 881 2499 913; x_wconf 89' lang='lat' dir='ltr'>esset</span> 
     </span>
    </p>

    <p class='ocr_par' dir='ltr' id='par_1_36' title="bbox 2128 927 2590 1185">
     <span class='ocr_line' id='line_1_164' title="bbox 2129 927 2562 979; baseline -0.005 -11"><span class='ocrx_word' id='word_1_555' title='bbox 2129 930 2165 968; x_wconf 92' lang='lat' dir='ltr'>ei</span> <span class='ocrx_word' id='word_1_556' title='bbox 2183 930 2250 979; x_wconf 93' lang='lat' dir='ltr'>qui</span> <span class='ocrx_word' id='word_1_557' title='bbox 2269 929 2491 967; x_wconf 88' lang='lat' dir='ltr'>demonium</span> <span class='ocrx_word' id='word_1_558' title='bbox 2511 927 2562 966; x_wconf 86' lang='lat' dir='ltr'>ha</span> 
     </span>
     <span class='ocr_line' id='line_1_165' title="bbox 2129 982 2535 1033; baseline -0.005 -11"><span class='ocrx_word' id='word_1_559' title='bbox 2129 985 2264 1022; x_wconf 90' lang='lat' dir='ltr'>buerat</span> <span class='ocrx_word' id='word_1_560' title='bbox 2284 989 2322 1023; x_wconf 92' lang='lat' dir='ltr'>et</span> <span class='ocrx_word' id='word_1_561' title='bbox 2340 982 2387 1022; x_wconf 91' lang='lat' dir='ltr'>de</span> <span class='ocrx_word' id='word_1_562' title='bbox 2407 982 2535 1033; x_wconf 90' lang='lat' dir='ltr'>porcis</span> 
     </span>
     <span class='ocr_line' id='line_1_166' title="bbox 2130 1037 2572 1087; baseline -0.007 -10"><span class='ocrx_word' id='word_1_563' title='bbox 2130 1037 2202 1077; x_wconf 85' lang='lat' dir='ltr'>¹⁷et</span> <span class='ocrx_word' id='word_1_564' title='bbox 2222 1050 2358 1087; x_wconf 90' lang='lat' dir='ltr'>rogare</span> <span class='ocrx_word' id='word_1_565' title='bbox 2377 1042 2572 1087; x_wconf 77' lang='lat' dir='ltr'>coeperu-</span> 
     </span>
     <span class='ocr_line' id='line_1_167' title="bbox 2129 1090 2590 1130; baseline -0.004 0"><span class='ocrx_word' id='word_1_566' title='bbox 2129 1092 2209 1130; x_wconf 80' lang='lat' dir='ltr'>ihm</span> <span class='ocrx_word' id='word_1_567' title='bbox 2229 1099 2271 1130; x_wconf 92' lang='lat' dir='ltr'>ut</span> <span class='ocrx_word' id='word_1_568' title='bbox 2291 1091 2503 1130; x_wconf 90' lang='lat' dir='ltr'>discederet</span> <span class='ocrx_word' id='word_1_569' title='bbox 2522 1103 2545 1129; x_wconf 88' lang='lat' dir='ltr'>a</span> <span class='ocrx_word' id='word_1_570' title='bbox 2564 1090 2590 1128; x_wconf 87' lang='lat' dir='ltr'>fi</span> 
     </span>
     <span class='ocr_line' id='line_1_168' title="bbox 2128 1148 2398 1185; baseline -0.004 0"><span class='ocrx_word' id='word_1_571' title='bbox 2128 1148 2242 1185; x_wconf 89' lang='lat' dir='ltr'>nibus</span> <span class='ocrx_word' id='word_1_572' title='bbox 2261 1158 2398 1185; x_wconf 90' lang='lat' dir='ltr'>eorum</span> 
     </span>
    </p>

    <p class='ocr_par' dir='ltr' id='par_1_37' title="bbox 2128 1199 2591 1359">
     <span class='ocr_line' id='line_1_169' title="bbox 2128 1199 2591 1251; baseline -0.006 -11"><span class='ocrx_word' id='word_1_573' title='bbox 2128 1201 2157 1222; x_wconf 80' lang='lat'>¹⁸</span> <span class='ocrx_word' id='word_1_574' title='bbox 2165 1201 2345 1251; x_wconf 91' lang='lat' dir='ltr'>Cumque</span> <span class='ocrx_word' id='word_1_575' title='bbox 2365 1199 2591 1238; x_wconf 91' lang='lat' dir='ltr'>ascenderet</span> 
     </span>
     <span class='ocr_line' id='line_1_170' title="bbox 2130 1254 2495 1304; baseline -0.005 -11"><span class='ocrx_word' id='word_1_576' title='bbox 2130 1255 2190 1294; x_wconf 81' lang='lat' dir='ltr'>ihs</span> <span class='ocrx_word' id='word_1_577' title='bbox 2209 1267 2350 1293; x_wconf 90' lang='lat' dir='ltr'>nauem</span> <span class='ocrx_word' id='word_1_578' title='bbox 2369 1254 2495 1304; x_wconf 90' lang='lat' dir='ltr'>coepit</span> 
     </span>
     <span class='ocr_line' id='line_1_171' title="bbox 2130 1308 2478 1359; baseline -0.009 -11"><span class='ocrx_word' id='word_1_579' title='bbox 2130 1310 2236 1348; x_wconf 89' lang='lat' dir='ltr'>illum</span> <span class='ocrx_word' id='word_1_580' title='bbox 2256 1321 2393 1359; x_wconf 91' lang='lat' dir='ltr'>rogare</span> <span class='ocrx_word' id='word_1_581' title='bbox 2412 1308 2478 1358; x_wconf 88' lang='lat' dir='ltr'>qui</span> 
     </span>
    </p>

    <p class='ocr_par' dir='ltr' id='par_1_38' title="bbox 2130 1363 2539 1510">
     <span class='ocr_line' id='line_1_172' title="bbox 2131 1363 2538 1402; baseline -0.007 0"><span class='ocrx_word' id='word_1_582' title='bbox 2131 1376 2155 1402; x_wconf 89' lang='lat' dir='ltr'>a</span> <span class='ocrx_word' id='word_1_583' title='bbox 2173 1363 2357 1402; x_wconf 90' lang='lat' dir='ltr'>demonio</span> <span class='ocrx_word' id='word_1_584' title='bbox 2375 1367 2538 1400; x_wconf 89' lang='lat' dir='ltr'>uexatus</span> 
     </span>
     <span class='ocr_line' id='line_1_173' title="bbox 2130 1418 2539 1456; baseline -0.007 0"><span class='ocrx_word' id='word_1_585' title='bbox 2130 1418 2250 1456; x_wconf 90' lang='lat' dir='ltr'>fuerat</span> <span class='ocrx_word' id='word_1_586' title='bbox 2269 1424 2311 1455; x_wconf 94' lang='lat' dir='ltr'>ut</span> <span class='ocrx_word' id='word_1_587' title='bbox 2330 1423 2430 1455; x_wconf 90' lang='lat' dir='ltr'>esset</span> <span class='ocrx_word' id='word_1_588' title='bbox 2448 1427 2539 1454; x_wconf 90' lang='lat' dir='ltr'>cum</span> 
     </span>
     <span class='ocr_line' id='line_1_174' title="bbox 2131 1472 2196 1510; baseline 0.015 -1"><span class='ocrx_word' id='word_1_589' title='bbox 2131 1472 2196 1510; x_wconf 90' lang='lat' dir='ltr'>illo</span> 
     </span>
    </p>

    <p class='ocr_par' dir='ltr' id='par_1_39' title="bbox 2133 1523 2628 1619">
     <span class='ocr_line' id='line_1_175' title="bbox 2133 1523 2585 1574; baseline -0.007 -10"><span class='ocrx_word' id='word_1_590' title='bbox 2133 1526 2232 1564; x_wconf 78' lang='lat' dir='ltr'>¹⁹1hs</span> <span class='ocrx_word' id='word_1_591' title='bbox 2251 1537 2345 1563; x_wconf 91' lang='lat' dir='ltr'>uero</span> <span class='ocrx_word' id='word_1_592' title='bbox 2365 1536 2445 1562; x_wconf 91' lang='lat' dir='ltr'>non</span> <span class='ocrx_word' id='word_1_593' title='bbox 2464 1523 2585 1574; x_wconf 91' lang='lat' dir='ltr'>permi</span> 
     </span>
     <span class='ocr_line' id='line_1_176' title="bbox 2134 1578 2628 1619; baseline -0.008 0"><span class='ocrx_word' id='word_1_594' title='bbox 2134 1581 2182 1619; x_wconf 90' lang='lat' dir='ltr'>sit</span> <span class='ocrx_word' id='word_1_595' title='bbox 2200 1581 2234 1618; x_wconf 92' lang='lat' dir='ltr'>ei</span> <span class='ocrx_word' id='word_1_596' title='bbox 2254 1579 2322 1618; x_wconf 91' lang='lat' dir='ltr'>sed</span> <span class='ocrx_word' id='word_1_597' title='bbox 2337 1579 2389 1618; x_wconf 90' lang='lat' dir='ltr'>ait</span> <span class='ocrx_word' id='word_1_598' title='bbox 2408 1578 2460 1616; x_wconf 92' lang='lat' dir='ltr'>illi</span> <span class='ocrx_word' id='word_1_599' title='bbox 2475 1578 2572 1617; x_wconf 91' lang='lat' dir='ltr'>uade</span> <span class='ocrx_word' id='word_1_600' title='bbox 2587 1578 2628 1615; x_wconf 91' lang='lat' dir='ltr'>in</span> 
     </span>
    </p>
   </div>
   <div class='ocr_carea' id='block_1_14' title="bbox 2133 1719 2634 3005">
    <p class='ocr_par' dir='ltr' id='par_1_40' title="bbox 2133 1719 2576 1936">
     <span class='ocr_line' id='line_1_177' title="bbox 2133 1719 2565 1760; baseline -0.007 0"><span class='ocrx_word' id='word_1_601' title='bbox 2133 1721 2309 1760; x_wconf 91' lang='lat' dir='ltr'>Domum</span> <span class='ocrx_word' id='word_1_602' title='bbox 2327 1727 2435 1760; x_wconf 88' lang='lat' dir='ltr'>tuam</span> <span class='ocrx_word' id='word_1_603' title='bbox 2455 1719 2506 1758; x_wconf 89' lang='lat' dir='ltr'>ad</span> <span class='ocrx_word' id='word_1_604' title='bbox 2524 1725 2565 1758; x_wconf 91' lang='lat' dir='ltr'>tu</span> 
     </span>
     <span class='ocr_line' id='line_1_178' title="bbox 2134 1774 2530 1815; baseline -0.01 0"><span class='ocrx_word' id='word_1_605' title='bbox 2134 1788 2180 1815; x_wconf 91' lang='lat' dir='ltr'>os</span> <span class='ocrx_word' id='word_1_606' title='bbox 2200 1783 2237 1815; x_wconf 93' lang='lat' dir='ltr'>et</span> <span class='ocrx_word' id='word_1_607' title='bbox 2255 1775 2440 1814; x_wconf 89' lang='lat' dir='ltr'>adnuntia</span> <span class='ocrx_word' id='word_1_608' title='bbox 2457 1774 2530 1811; x_wconf 86' lang='lat' dir='ltr'>illis</span> 
     </span>
     <span class='ocr_line' id='line_1_179' title="bbox 2135 1827 2576 1881; baseline -0.007 -12"><span class='ocrx_word' id='word_1_609' title='bbox 2135 1837 2280 1881; x_wconf 88' lang='lat' dir='ltr'>quanta</span> <span class='ocrx_word' id='word_1_610' title='bbox 2299 1830 2385 1868; x_wconf 75' lang='lat' dir='ltr'>dms</span> <span class='ocrx_word' id='word_1_611' title='bbox 2405 1829 2471 1868; x_wconf 87' lang='lat' dir='ltr'>tibi</span> <span class='ocrx_word' id='word_1_612' title='bbox 2489 1827 2576 1867; x_wconf 86' lang='lat' dir='ltr'>fecit</span> 
     </span>
     <span class='ocr_line' id='line_1_180' title="bbox 2133 1884 2551 1936; baseline -0.01 -12"><span class='ocrx_word' id='word_1_613' title='bbox 2133 1892 2171 1924; x_wconf 92' lang='lat' dir='ltr'>et</span> <span class='ocrx_word' id='word_1_614' title='bbox 2191 1884 2298 1936; x_wconf 92' lang='lat' dir='ltr'>quod</span> <span class='ocrx_word' id='word_1_615' title='bbox 2317 1891 2354 1923; x_wconf 91' lang='lat' dir='ltr'>et</span> <span class='ocrx_word' id='word_1_616' title='bbox 2372 1884 2551 1921; x_wconf 86' lang='lat' dir='ltr'>misertus</span> 
     </span>
    </p>

    <p class='ocr_par' dir='ltr' id='par_1_41' title="bbox 2133 1939 2263 1978">
     <span class='ocr_line' id='line_1_181' title="bbox 2133 1939 2263 1978; baseline -0.015 0"><span class='ocrx_word' id='word_1_617' title='bbox 2133 1946 2190 1978; x_wconf 90' lang='lat' dir='ltr'>est</span> <span class='ocrx_word' id='word_1_618' title='bbox 2209 1939 2263 1977; x_wconf 89' lang='lat' dir='ltr'>tui</span> 
     </span>
    </p>

    <p class='ocr_par' dir='ltr' id='par_1_42' title="bbox 2133 1989 2632 2194">
     <span class='ocr_line' id='line_1_182' title="bbox 2133 1989 2631 2041; baseline -0.008 -9"><span class='ocrx_word' id='word_1_619' title='bbox 2133 1992 2163 2015; x_wconf 70' lang='lat'>²⁰</span> <span class='ocrx_word' id='word_1_620' title='bbox 2169 1994 2220 2032; x_wconf 93' lang='lat' dir='ltr'>Et</span> <span class='ocrx_word' id='word_1_621' title='bbox 2232 1993 2325 2031; x_wconf 90' lang='lat' dir='ltr'>abiit</span> <span class='ocrx_word' id='word_1_622' title='bbox 2336 1999 2373 2030; x_wconf 90' lang='lat' dir='ltr'>et</span> <span class='ocrx_word' id='word_1_623' title='bbox 2385 1991 2513 2040; x_wconf 90' lang='lat' dir='ltr'>coepit</span> <span class='ocrx_word' id='word_1_624' title='bbox 2524 1989 2631 2041; x_wconf 89' lang='lat' dir='ltr'>predi</span> 
     </span>
     <span class='ocr_line' id='line_1_183' title="bbox 2135 2046 2601 2096; baseline -0.009 -10"><span class='ocrx_word' id='word_1_625' title='bbox 2135 2060 2222 2086; x_wconf 88' lang='lat' dir='ltr'>care</span> <span class='ocrx_word' id='word_1_626' title='bbox 2241 2048 2282 2085; x_wconf 91' lang='lat' dir='ltr'>in</span> <span class='ocrx_word' id='word_1_627' title='bbox 2301 2046 2475 2096; x_wconf 86' lang='lat' dir='ltr'>decapoli</span> <span class='ocrx_word' id='word_1_628' title='bbox 2495 2050 2601 2096; x_wconf 69' lang='lat' dir='ltr'>qua*</span> 
     </span>
     <span class='ocr_line' id='line_1_184' title="bbox 2135 2101 2632 2140; baseline -0.008 0"><span class='ocrx_word' id='word_1_629' title='bbox 2135 2109 2174 2140; x_wconf 89' lang='lat' dir='ltr'>ta</span> <span class='ocrx_word' id='word_1_630' title='bbox 2193 2102 2227 2140; x_wconf 91' lang='lat' dir='ltr'>ei</span> <span class='ocrx_word' id='word_1_631' title='bbox 2248 2101 2337 2140; x_wconf 91' lang='lat' dir='ltr'>fecit</span> <span class='ocrx_word' id='word_1_632' title='bbox 2355 2101 2414 2139; x_wconf 78' lang='lat' dir='ltr'>ihs</span> <span class='ocrx_word' id='word_1_633' title='bbox 2434 2108 2471 2139; x_wconf 94' lang='lat' dir='ltr'>et</span> <span class='ocrx_word' id='word_1_634' title='bbox 2494 2110 2632 2137; x_wconf 89' lang='lat' dir='ltr'>omnes</span> 
     </span>
     <span class='ocr_line' id='line_1_185' title="bbox 2135 2156 2370 2194; baseline 0.004 -1"><span class='ocrx_word' id='word_1_635' title='bbox 2135 2156 2262 2194; x_wconf 89' lang='lat' dir='ltr'>mirati</span> <span class='ocrx_word' id='word_1_636' title='bbox 2283 2163 2370 2194; x_wconf 85' lang='lat' dir='ltr'>sunt</span> 
     </span>
    </p>

    <p class='ocr_par' dir='ltr' id='par_1_43' title="bbox 2135 2206 2634 2411">
     <span class='ocr_line' id='line_1_186' title="bbox 2136 2206 2634 2257; baseline -0.008 -9"><span class='ocrx_word' id='word_1_637' title='bbox 2136 2220 2192 2247; x_wconf 74' lang='grc' dir='ltr'>Χῖ]</span> <span class='ocrx_word' id='word_1_638' title='bbox 2204 2210 2231 2232; x_wconf 84' lang='lat'>²¹</span> <span class='ocrx_word' id='word_1_639' title='bbox 2237 2210 2296 2248; x_wconf 83' lang='lat' dir='ltr'>Et</span> <span class='ocrx_word' id='word_1_640' title='bbox 2311 2223 2393 2248; x_wconf 87' lang='lat' dir='ltr'>cum</span> <span class='ocrx_word' id='word_1_641' title='bbox 2407 2206 2634 2257; x_wconf 79' lang='lat' dir='ltr'>transfretas</span> 
     </span>
     <span class='ocr_line' id='line_1_187' title="bbox 2137 2263 2546 2303; baseline -0.007 0"><span class='ocrx_word' id='word_1_642' title='bbox 2137 2271 2195 2303; x_wconf 90' lang='lat' dir='ltr'>set</span> <span class='ocrx_word' id='word_1_643' title='bbox 2214 2265 2311 2302; x_wconf 90' lang='lat' dir='ltr'>ultra</span> <span class='ocrx_word' id='word_1_644' title='bbox 2331 2265 2468 2302; x_wconf 89' lang='lat' dir='ltr'>iterum</span> <span class='ocrx_word' id='word_1_645' title='bbox 2487 2263 2546 2301; x_wconf 84' lang='lat' dir='ltr'>ihs</span> 
     </span>
     <span class='ocr_line' id='line_1_188' title="bbox 2135 2318 2510 2358; baseline -0.008 0"><span class='ocrx_word' id='word_1_646' title='bbox 2135 2319 2316 2358; x_wconf 92' lang='lat' dir='ltr'>conuenit</span> <span class='ocrx_word' id='word_1_647' title='bbox 2334 2318 2384 2356; x_wconf 85' lang='lat' dir='ltr'>ad</span> <span class='ocrx_word' id='word_1_648' title='bbox 2403 2318 2510 2355; x_wconf 89' lang='lat' dir='ltr'>illum</span> 
     </span>
     <span class='ocr_line' id='line_1_189' title="bbox 2136 2372 2507 2411; baseline -0.005 0"><span class='ocrx_word' id='word_1_649' title='bbox 2136 2373 2256 2411; x_wconf 88' lang='lat' dir='ltr'>multa</span> <span class='ocrx_word' id='word_1_650' title='bbox 2274 2373 2385 2411; x_wconf 87' lang='lat' dir='ltr'>turba</span> <span class='ocrx_word' id='word_1_651' title='bbox 2403 2372 2507 2410; x_wconf 89' lang='lat' dir='ltr'>circa</span> 
     </span>
    </p>

    <p class='ocr_par' dir='ltr' id='par_1_44' title="bbox 2137 2439 2243 2465">
     <span class='ocr_line' id='line_1_190' title="bbox 2137 2439 2243 2465; baseline 0.009 -1"><span class='ocrx_word' id='word_1_652' title='bbox 2137 2439 2243 2465; x_wconf 89' lang='lat' dir='ltr'>mare</span> 
     </span>
    </p>

    <p class='ocr_par' dir='ltr' id='par_1_45' title="bbox 2137 2479 2634 2747">
     <span class='ocr_line' id='line_1_191' title="bbox 2137 2479 2622 2531; baseline 0 -13"><span class='ocrx_word' id='word_1_653' title='bbox 2137 2481 2164 2503; x_wconf 83' lang='lat'>²²</span> <span class='ocrx_word' id='word_1_654' title='bbox 2172 2481 2222 2519; x_wconf 91' lang='lat' dir='ltr'>Et</span> <span class='ocrx_word' id='word_1_655' title='bbox 2240 2481 2347 2519; x_wconf 91' lang='lat' dir='ltr'>uenit</span> <span class='ocrx_word' id='word_1_656' title='bbox 2367 2479 2524 2531; x_wconf 86' lang='lat' dir='ltr'>quidam</span> <span class='ocrx_word' id='word_1_657' title='bbox 2543 2479 2622 2519; x_wconf 87' lang='lat' dir='ltr'>arci</span> 
     </span>
     <span class='ocr_line' id='line_1_192' title="bbox 2138 2535 2634 2586; baseline 0 -13"><span class='ocrx_word' id='word_1_658' title='bbox 2138 2547 2362 2586; x_wconf 86' lang='lat' dir='ltr'>synagogus</span> <span class='ocrx_word' id='word_1_659' title='bbox 2384 2543 2421 2573; x_wconf 88' lang='lat' dir='ltr'>et</span> <span class='ocrx_word' id='word_1_660' title='bbox 2443 2535 2539 2573; x_wconf 84' lang='lat' dir='ltr'>uidit</span> <span class='ocrx_word' id='word_1_661' title='bbox 2557 2539 2634 2573; x_wconf 67' lang='lat' dir='ltr'>eu-</span> 
     </span>
     <span class='ocr_line' id='line_1_193' title="bbox 2138 2588 2560 2639; baseline -0.002 -11"><span class='ocrx_word' id='word_1_662' title='bbox 2138 2597 2175 2628; x_wconf 88' lang='lat' dir='ltr'>et</span> <span class='ocrx_word' id='word_1_663' title='bbox 2194 2590 2354 2639; x_wconf 88' lang='lat' dir='ltr'>procidit</span> <span class='ocrx_word' id='word_1_664' title='bbox 2373 2589 2423 2627; x_wconf 88' lang='lat' dir='ltr'>ad</span> <span class='ocrx_word' id='word_1_665' title='bbox 2443 2588 2560 2639; x_wconf 91' lang='lat' dir='ltr'>pedes</span> 
     </span>
     <span class='ocr_line' id='line_1_194' title="bbox 2139 2644 2579 2693; baseline -0.005 -11"><span class='ocrx_word' id='word_1_666' title='bbox 2139 2644 2220 2682; x_wconf 89' lang='lat' dir='ltr'>eius</span> <span class='ocrx_word' id='word_1_667' title='bbox 2239 2644 2310 2682; x_wconf 75' lang='lat' dir='ltr'>²²³et</span> <span class='ocrx_word' id='word_1_668' title='bbox 2329 2655 2472 2693; x_wconf 89' lang='lat' dir='ltr'>rogans</span> <span class='ocrx_word' id='word_1_669' title='bbox 2490 2654 2579 2681; x_wconf 91' lang='lat' dir='ltr'>eum</span> 
     </span>
     <span class='ocr_line' id='line_1_195' title="bbox 2139 2697 2532 2747; baseline -0.003 -12"><span class='ocrx_word' id='word_1_670' title='bbox 2139 2704 2176 2736; x_wconf 90' lang='lat' dir='ltr'>et</span> <span class='ocrx_word' id='word_1_671' title='bbox 2196 2697 2328 2736; x_wconf 89' lang='lat' dir='ltr'>dicens</span> <span class='ocrx_word' id='word_1_672' title='bbox 2348 2698 2532 2747; x_wconf 89' lang='lat' dir='ltr'>quoniam</span> 
     </span>
    </p>

    <p class='ocr_par' dir='ltr' id='par_1_46' title="bbox 2138 2750 2620 3005">
     <span class='ocr_line' id='line_1_196' title="bbox 2140 2750 2578 2790; baseline -0.005 0"><span class='ocrx_word' id='word_1_673' title='bbox 2140 2752 2216 2790; x_wconf 90' lang='lat' dir='ltr'>filia</span> <span class='ocrx_word' id='word_1_674' title='bbox 2234 2764 2320 2790; x_wconf 88' lang='lat' dir='ltr'>mea</span> <span class='ocrx_word' id='word_1_675' title='bbox 2339 2752 2378 2789; x_wconf 90' lang='lat' dir='ltr'>in</span> <span class='ocrx_word' id='word_1_676' title='bbox 2398 2750 2578 2788; x_wconf 86' lang='lat' dir='ltr'>extremis</span> 
     </span>
     <span class='ocr_line' id='line_1_197' title="bbox 2140 2805 2567 2854; baseline -0.002 -10"><span class='ocrx_word' id='word_1_677' title='bbox 2140 2813 2198 2845; x_wconf 92' lang='lat' dir='ltr'>est</span> <span class='ocrx_word' id='word_1_678' title='bbox 2216 2812 2254 2843; x_wconf 89' lang='lat' dir='ltr'>et</span> <span class='ocrx_word' id='word_1_679' title='bbox 2272 2805 2433 2843; x_wconf 88' lang='lat' dir='ltr'>ueniens</span> <span class='ocrx_word' id='word_1_680' title='bbox 2451 2810 2567 2854; x_wconf 90' lang='lat' dir='ltr'>tange</span> 
     </span>
     <span class='ocr_line' id='line_1_198' title="bbox 2140 2858 2585 2898; baseline -0.004 0"><span class='ocrx_word' id='word_1_681' title='bbox 2140 2871 2226 2898; x_wconf 91' lang='lat' dir='ltr'>eam</span> <span class='ocrx_word' id='word_1_682' title='bbox 2246 2858 2293 2896; x_wconf 90' lang='lat' dir='ltr'>de</span> <span class='ocrx_word' id='word_1_683' title='bbox 2312 2858 2491 2896; x_wconf 86' lang='lat' dir='ltr'>manibus</span> <span class='ocrx_word' id='word_1_684' title='bbox 2512 2859 2585 2896; x_wconf 89' lang='lat' dir='ltr'>tuis</span> 
     </span>
     <span class='ocr_line' id='line_1_199' title="bbox 2138 2912 2552 2951; baseline -0.002 0"><span class='ocrx_word' id='word_1_685' title='bbox 2138 2920 2181 2951; x_wconf 93' lang='lat' dir='ltr'>ut</span> <span class='ocrx_word' id='word_1_686' title='bbox 2200 2913 2306 2951; x_wconf 87' lang='lat' dir='ltr'>salua</span> <span class='ocrx_word' id='word_1_687' title='bbox 2325 2912 2372 2950; x_wconf 92' lang='lat' dir='ltr'>sit</span> <span class='ocrx_word' id='word_1_688' title='bbox 2392 2918 2429 2950; x_wconf 92' lang='lat' dir='ltr'>et</span> <span class='ocrx_word' id='word_1_689' title='bbox 2448 2913 2552 2950; x_wconf 88' lang='lat' dir='ltr'>uibat</span> 
     </span>
     <span class='ocr_line' id='line_1_200' title="bbox 2139 2966 2620 3005; baseline 0.002 -1"><span class='ocrx_word' id='word_1_690' title='bbox 2139 2966 2221 3005; x_wconf 74' lang='grc' dir='ltr'>24Εῑ</span> <span class='ocrx_word' id='word_1_691' title='bbox 2241 2966 2332 3004; x_wconf 88' lang='lat' dir='ltr'>abiit</span> <span class='ocrx_word' id='word_1_692' title='bbox 2352 2978 2440 3005; x_wconf 91' lang='lat' dir='ltr'>cum</span> <span class='ocrx_word' id='word_1_693' title='bbox 2460 2978 2508 3005; x_wconf 93' lang='lat' dir='ltr'>eo</span> <span class='ocrx_word' id='word_1_694' title='bbox 2523 2973 2559 3005; x_wconf 89' lang='lat' dir='ltr'>et</span> <span class='ocrx_word' id='word_1_695' title='bbox 2579 2979 2620 3005; x_wconf 87' lang='lat' dir='ltr'>se</span> 
     </span>
    </p>
   </div>
  </div>
 </body>
</html>
