2866 3346
261 242 336 268 xv1.
358 242 535 278 24—xvn1.
554 226 606 282 4.]
662 227 1078 268 EUANGELIUM
1107 228 1184 267 SE
1185 229 1218 267 C

264 320 419 350 F01.13.

265 362 415 401 2⁴Tunc
443 362 503 402 ihs
533 361 626 401 dixit
655 361 769 400 disci-

646 414 768 469 [pulis

265 471 344 509 suis
363 470 394 508 si
414 471 499 521 quis
519 482 590 520 pos
609 483 671 509 me
687 470 753 507 uul

265 526 395 563 uenire
416 526 583 574 abneget
604 537 644 563 se
665 525 736 563 sibi

264 587 300 618 et
321 580 429 618 tollat
448 591 602 617 crucem
623 586 743 617 mea-

265 641 302 672 et
322 641 504 684 sequatur
523 646 586 671 me

265 689 293 711 ²⁵
303 688 381 736 Qui
401 689 504 727 enim
521 687 685 725 uoluerit
705 687 768 725 ani

266 755 372 781 mam
394 754 504 780 suam
526 742 673 780 saluam

265 797 405 835 faceret
420 797 554 846 perdet
574 808 660 834 eam

266 852 331 902 qui
351 857 478 889 autem
499 850 715 901 perdederit

266 907 438 943 animam
459 917 568 943 suam
588 916 688 954 prop

266 967 323 997 ter
342 972 405 997 me
426 960 594 997 inueniet
614 970 700 996 eam

266 1014 294 1037 ²⁶
302 1013 408 1060 Quid
415 1014 517 1051 enim
527 1013 707 1062 prodeest
716 1012 767 1050 ho

265 1068 360 1106 mini
381 1068 411 1105 si
431 1074 552 1106 totum
572 1066 751 1104 mundu-

266 1124 429 1160 lucretur
448 1122 600 1159 animae
621 1133 713 1159 suae

267 1177 536 1214 detrimentum
557 1175 659 1225 patia

266 1238 326 1269 tur
346 1242 465 1279 quam
485 1229 590 1268 dabit
609 1229 730 1267 homo

265 1284 645 1323 conmunicationem

266 1339 417 1377 animae
440 1350 531 1376 suae

267 1393 398 1431 27Νειῑῐι
407 1391 768 1431 filiushominisue‘

265 1454 371 1486 turus
391 1454 446 1485 est
465 1448 504 1484 in
524 1447 686 1485 maiesta

266 1508 303 1540 te
325 1502 443 1551 patris
464 1502 521 1539 sui
541 1513 631 1539 cum
652 1513 753 1550 ange

265 1556 310 1594 lis
330 1556 408 1594 suis
428 1563 465 1594 et
485 1563 576 1594 tunc
596 1555 730 1593 reddet

263 1610 471 1660 unicuique
491 1609 702 1649 secundum

266 1676 386 1715 opera
405 1665 487 1702 eius

266 1750 431 1787 ²⁸Amen
452 1749 539 1788 dico
557 1749 670 1788 uobis
686 1762 765 1800 quo

266 1805 371 1842 niam
392 1810 479 1841 sunt
500 1804 617 1854 aliqui
637 1804 685 1842 de

264 1858 342 1896 istis
362 1859 600 1896 adstantibus
620 1859 686 1908 qui

267 1925 347 1951 non
367 1914 577 1961 gustabunt
596 1925 682 1950 mor

265 1973 345 2004 tem
365 1968 490 2005 donec
511 1967 666 2005 uideant

266 2021 364 2059 filius
385 2020 552 2059 hominis
573 2022 661 2059 ueni

265 2082 394 2114 entem
415 2075 454 2112 in
476 2088 596 2124 regno
617 2088 687 2114 suo

268 2145 290 2171 L
307 2138 343 2168 17
358 2129 440 2168 ¹Et
449 2131 605 2180 saelum
633 2134 686 2167 est
705 2136 771 2178 pos

675 2182 770 2237 &bks

267 2251 334 2277 sex
354 2238 568 2288 adsumpsit
588 2238 646 2276 ihs
667 2251 715 2288 pe

266 2299 368 2330 trum
387 2299 426 2330 et
444 2292 625 2330 iacobum
646 2300 683 2331 et

266 2346 476 2385 iohannem
495 2347 649 2385 fratrem

269 2401 351 2438 eius
371 2407 408 2438 et
429 2402 531 2439 ducit
551 2401 637 2439 illos
658 2402 697 2439 in

267 2461 440 2492 montem
460 2455 656 2493 excelsum

269 2520 442 2546 seorsum
462 2510 475 2530 ²
488 2515 524 2546 et
543 2508 675 2547 transfl

269 2569 425 2611 guratus
445 2568 500 2600 est
520 2562 578 2600 ihs
599 2570 688 2600 ante

269 2627 337 2654 eos
357 2622 394 2653 et
413 2615 647 2664 resplenduit
665 2616 703 2654 fa

270 2670 348 2708 cies
368 2669 449 2707 eius
470 2670 567 2707 sicut
588 2670 642 2707 sol
664 2682 731 2708 ues

269 2724 429 2762 timenta
448 2730 576 2761 autem
599 2724 680 2761 eius

269 2777 370 2815 facta
390 2784 478 2815 sunt
499 2778 665 2816 candida

270 2833 368 2870 sicut
388 2832 454 2869 nix
510 2832 568 2869 ³et
588 2844 677 2870 ecce
697 2831 747 2871 ad

269 2886 395 2935 paruit
415 2886 486 2924 illis
506 2898 660 2936 moyses

269 2946 307 2977 et
326 2939 445 2977 helias
465 2940 684 2991 conloque-

270 3000 326 3030 tes
346 3006 435 3031 cum
454 3006 502 3032 eo

272 3047 524 3096 ⁴Resp0ndes
545 3054 671 3087 autern
693 3061 741 3098 pe

807 360 912 399 Trus
933 361 1026 398 dixit
1045 361 1095 399 ad
1115 360 1195 398 ihm

805 415 880 453 dfie
901 416 1050 454 bonum
1069 422 1126 453 est
1145 427 1217 453 nos

804 470 865 508 hic
885 482 969 508 esse
994 470 1024 507 si
1044 470 1102 507 uis
1122 469 1265 507 faciam

805 524 865 562 hic
885 525 955 562 tria
975 524 1221 562 tabernacula

804 579 872 615 tibi
891 590 1012 616 unum
1033 585 1070 616 et
1089 578 1216 627 moysi

804 645 925 670 unum
945 639 981 670 et
1003 632 1123 670 heliae
1144 638 1259 670 unu-

803 686 964 725 “Adhuc
983 699 1031 724 eo
1051 687 1234 736 loquente

803 753 895 779 ecce
915 741 1014 779 nubs
1034 741 1161 778 lucida
1180 741 1220 778 in

804 795 999 833 umbrauit
1019 807 1087 833 eos
1107 801 1144 832 et
1165 807 1209 833 ec

804 862 848 887 ee
867 861 947 887 uox
968 849 1016 887 de
1036 850 1140 887 nube
1160 849 1294 887 dicens

806 904 883 942 Hic
905 910 962 941 est
982 903 1079 942 filius
1099 915 1208 942 meus
1228 903 1267 942 di

804 957 925 996 lectus
945 958 984 995 in
1005 970 1084 1007 quo
1103 959 1204 996 bene

803 1012 896 1049 mihi
917 1013 1121 1062 conplacui
1140 1013 1255 1062 ipsu*

802 1066 931 1104 audite

803 1120 871 1157 ⁶Et
892 1120 1092 1158 audientes
1113 1120 1262 1170 discipu

802 1174 827 1211 li
849 1174 1094 1212 caeciderunt
1114 1175 1154 1211 in
1175 1174 1212 1212 fa

803 1228 902 1266 ciem
924 1240 1034 1266 suam
1054 1234 1092 1266 et
1111 1229 1210 1266 timu

803 1289 913 1320 erunt
933 1282 1048 1320 ualde

803 1336 874 1374 7Εἰ
893 1336 1057 1375 adcessit
1077 1337 1135 1375 ihs
1155 1343 1193 1375 et
1213 1342 1289 1375 tete

801 1391 856 1440 git
875 1403 944 1429 eos
964 1397 1001 1428 et
1021 1391 1114 1429 dixit
1135 1392 1241 1441 surgi

802 1452 839 1482 te
860 1451 897 1483 et
917 1445 1035 1483 nolite
1058 1446 1192 1484 timere

804 1498 1015 1538 ⁸Leuantes
1035 1507 1166 1538 autem
1186 1512 1261 1539 ocu

800 1553 859 1591 lus
878 1566 971 1592 suos
990 1555 1187 1592 neminem

801 1607 982 1647 uiderunt
994 1608 1066 1647 nisi
1082 1608 1206 1647 solum
1226 1608 1306 1646 ihm

803 1749 878 1787 9Et
898 1749 1223 1788 descendentibus

801 1804 871 1842 illis
892 1804 939 1842 de
960 1811 1093 1843 monte
1113 1805 1241 1854 praeci

803 1859 856 1908 pit
876 1859 935 1896 ihs
955 1859 1088 1897 dicens
1107 1859 1252 1897 nemini

804 1913 973 1951 dixeritis
994 1913 1119 1951 uisum
1140 1913 1191 1951 do

805 1980 876 2005 nec
896 1967 995 2005 filius
1015 1967 1183 2006 hominis
1204 1980 1227 2006 a

805 2022 966 2059 mortuis
985 2029 1161 2071 resurgat

805 2076 891 2114 ¹⁰Et
909 2076 1241 2125 interrogauerunt

806 2142 895 2168 eum
916 2130 1091 2179 discipuli
1109 2130 1192 2168 eius
1213 2130 1251 2168 di

806 2190 936 2222 centes
955 2184 1049 2233 quid
1069 2196 1162 2234 ergo
1183 2185 1257 2222 scri

806 2239 879 2275 bae
899 2237 1030 2275 dicunt
1051 2238 1157 2288 quod
1177 2238 1252 2276 heli

805 2304 868 2330 am
888 2298 1038 2341 oportet
1058 2293 1226 2342 primum

806 2346 936 2384 uenire

805 2400 900 2437 llAd
919 2400 999 2450 ipse
1022 2400 1236 2450 respondes
1257 2400 1307 2438 ait

805 2454 924 2492 helias
944 2455 1100 2504 quidem
1120 2456 1138 2491 r
1156 2467 1233 2492 uen

803 2515 908 2547 turus
928 2516 983 2546 est
1003 2510 1200 2547 restituere

806 2563 938 2601 omnia
957 2562 1081 2601 12dico
1101 2570 1230 2600 autem

805 2617 918 2654 uobis
939 2617 1044 2666 quod
1065 2617 1184 2655 helias
1204 2617 1268 2655 ia*

805 2671 912 2708 uenit
931 2678 967 2708 et
988 2683 1068 2708 non
1088 2683 1216 2720 cogno

806 2730 942 2762 uerunt
963 2736 1052 2761 eum
1072 2725 1139 2762 sed
1160 2725 1244 2762 fece

808 2785 896 2815 runt
916 2778 950 2814 ei
970 2785 1114 2828 quanta
1132 2778 1226 2816 uolu

809 2838 920 2869 erunt

808 2885 959 2924 18Tunc
978 2885 1246 2924 intellexerunt

809 2939 984 2989 discipuli
999 2940 1105 2989 quod
1122 2940 1170 2978 de
1191 2940 1310 2979 ioha-

809 3007 858 3032 ne
879 2994 1043 3044 baptista
1063 2994 1157 3033 dixit
1175 2994 1245 3032 illis

1736 229 1823 268 MA
1837 230 2047 269 TTEUM
2401 244 2420 282 7

1383 321 1466 351 Fol.
1487 322 1543 351 14.

1384 363 1447 402 Sic
1467 371 1504 401 et
1525 363 1623 402 filius
1643 363 1810 402 hominis

1378 430 1538 456 necesse
1558 417 1672 456 habet
1692 418 1771 469 pati
1791 418 1841 456 ab

1377 472 1432 510 eis

1376 525 1563 564 1⁴Etcum
1577 527 1744 564 uenisset
1759 526 1808 564 ad
1822 533 1883 565 tur

1377 581 1468 618 barn
1488 581 1654 619 adcessit
1675 582 1725 619 ad
1745 592 1835 619 eum

1377 635 1497 674 homo
1518 636 1681 684 genibus
1701 647 1825 684 prouo

1375 689 1464 728 lutis
1485 696 1574 727 ante
1594 702 1684 728 eum
1704 690 1731 710 ¹⁵
1740 690 1871 727 dicens

1376 744 1452 782 dr‘ie
1473 744 1653 782 miserere
1675 744 1753 782 filio
1772 755 1864 782 meo

1375 798 1466 848 quia
1485 798 1676 836 lunaticus
1695 804 1753 836 est
1771 805 1809 836 et

1375 852 1477 890 male
1497 852 1638 902 patitur
1658 865 1750 890 nam
1771 864 1812 890 se

1376 920 1425 956 pe
1445 907 1545 945 cadit
1566 908 1605 944 in
1626 908 1756 957 ignem
1777 912 1814 944 et
1834 918 1857 945 a

1375 962 1579 1011 liquotiens
1599 962 1638 999 in
1659 973 1801 1012 aquam

1375 1015 1444 1053 ¹⁶et
1464 1016 1587 1065 optuli
1607 1028 1696 1054 eum
1718 1015 1870 1065 discipu

1376 1070 1419 1108 lis
1435 1071 1510 1108 tuis
1525 1077 1562 1108 et
1577 1082 1658 1109 non
1673 1076 1881 1120 potuerunt

1375 1137 1509 1162 curare
1529 1137 1619 1163 eum

1376 1179 1402 1200 ¹⁷
1412 1179 1671 1228 Respondens
1679 1185 1810 1217 autem
1822 1177 1880 1216 ihs

1376 1233 1427 1270 ait
1449 1255 1457 1264 ·
1478 1246 1502 1271 o
1524 1254 1532 1264 ·
1554 1234 1752 1283 generatio
1775 1233 1879 1271 incre

1376 1286 1467 1324 dula
1487 1294 1524 1325 et
1544 1300 1723 1337 peruersa
1743 1299 1822 1337 quo

1376 1353 1497 1391 usque
1517 1343 1639 1391 patiar
1659 1354 1730 1380 uos
1750 1353 1829 1391 quo

1376 1408 1498 1445 usque
1518 1408 1585 1434 ero
1604 1397 1808 1435 uobiscum

1376 1450 1522 1489 adferte
1543 1451 1618 1489 huc
1639 1451 1745 1489 illurn
1766 1451 1817 1490 ad

1374 1516 1437 1542 me

1374 1557 1680 1609 1⁸Etincrepauit
1695 1560 1754 1598 ihs
1767 1567 1803 1599 et
1817 1561 1879 1599 exi

1374 1613 1429 1651 bit
1449 1615 1498 1652 ab
1518 1626 1566 1652 eo
1585 1614 1811 1653 demonium

1496 1713 1517 1733 a

1372 1744 1423 1782 Et
1442 1752 1573 1785 curtus
1592 1753 1647 1785 est
1667 1759 1763 1797 puer

1375 1813 1422 1837 ex
1443 1801 1505 1839 illa
1524 1800 1619 1839 hora

1370 1854 1398 1875 ¹⁹
1408 1856 1523 1894 Tunc
1547 1855 1799 1895 adcesserunt
1819 1856 1877 1895 dis

1371 1909 1487 1959 cipuli
1507 1910 1556 1948 ad
1576 1910 1655 1947 ihm
1676 1922 1783 1948 secre

1371 1970 1412 2002 to
1433 1970 1470 2002 et
1491 1964 1670 2002 dixerunt
1690 1965 1724 2002 ei
1745 1977 1822 2014 qua

1371 2031 1412 2056 re
1432 2031 1504 2057 nos
1523 2031 1602 2057 non
1623 2020 1820 2067 potuimus

1370 2073 1493 2111 eicere
1514 2073 1606 2111 illud
1626 2073 1654 2095 ²⁰
1663 2073 1755 2111 dicit
1774 2073 1847 2112 illis

1371 2134 1528 2177 propter
1548 2127 1775 2166 incredulita

1370 2189 1449 2220 tem
1470 2188 1638 2219 uestram

1370 2237 1500 2273 Amen
1521 2236 1607 2274 dico
1627 2236 1740 2274 uobis
1760 2236 1791 2274 si
1813 2236 1864 2275 ha

1372 2290 1528 2328 bueritis
1549 2290 1665 2328 fidem
1686 2291 1783 2329 sicut

1371 2356 1536 2394 granum
1557 2345 1710 2394 senapis
1731 2345 1769 2383 di

1371 2399 1504 2437 ceretis
1522 2398 1612 2437 huic
1632 2400 1756 2437 monti

1372 2454 1490 2491 transi
1511 2453 1600 2491 hinc
1619 2453 1707 2492 illuc
1728 2460 1766 2491 et

1371 2508 1547 2546 transibit
1584 2514 1621 2545 et
1641 2508 1734 2545 nihil
1754 2508 1793 2546 in

1374 2562 1556 2610 possibile
1575 2568 1632 2599 est
1651 2563 1765 2600 uobis

1372 2616 1483 2654 ²¹hoc
1505 2623 1632 2654 autem
1652 2628 1774 2665 genus
1794 2622 1875 2654 no*

1373 2671 1505 2708 eicitur
1526 2670 1597 2707 nisi
1617 2682 1685 2718 per
1706 2682 1774 2707 ora

1373 2725 1520 2761 tionem
1540 2730 1576 2760 et
1596 2724 1780 2761 ieiunium

1373 2778 1505 2827 2²Ipsis
1526 2784 1654 2814 autem
1676 2789 1819 2815 conuer

1374 2832 1546 2870 santibus
1566 2832 1604 2867 in
1624 2831 1794 2880 galilea·-

1374 2886 1468 2923 dixit
1488 2885 1559 2922 illis
1579 2885 1637 2923 ihs
1657 2885 1820 2923 futuru-

1373 2946 1431 2977 est
1449 2945 1490 2977 ut
1511 2939 1606 2978 filius
1627 2939 1796 2979 hominis

1375 2994 1547 3033 tradatur
1566 2994 1605 3031 in
1626 3006 1764 3032 manus

1922 362 2143 401 Hominum
2164 364 2235 402 ²³et
2255 365 2340 403 occi

1920 417 2012 454 dent
2034 430 2124 455 eum
2147 425 2183 456 et
2203 420 2314 456 tertio

1919 471 1982 509 die
2003 479 2177 521 resurget

1918 525 1969 563 Et
1989 526 2203 565 contristati
2224 534 2313 566 sunt
2333 540 2381 567 ue

1916 579 2117 618 hementer

1916 643 1959 670 LI
1976 634 2005 655 ²4
2013 634 2072 672 Et
2087 648 2167 673 cum
2183 637 2366 675 uenissent
2376 649 2421 675 ca

1917 688 2133 738 pharnaum
2154 689 2313 729 adcesse

1918 749 2005 780 runt
2024 744 2090 793 qui
2110 743 2312 793 didragma

1917 797 2126 846 exigebant
2145 798 2194 835 ad
2215 803 2355 847 petru*

1917 858 1955 889 et
1975 851 2153 889 dixerunt
2173 853 2299 902 magis

1916 911 1972 942 ter
1991 913 2115 943 uester
2135 919 2216 945 non
2237 907 2350 946 soluit

1917 959 2121 1009 didragma

1917 1013 2018 1052 ²⁵Ait
2037 1014 2167 1065 utique
2236 1021 2274 1053 et
2294 1016 2422 1054 intra*

1916 1068 1943 1105 ti
1964 1069 2003 1105 in
2024 1069 2142 1106 domo
2163 1070 2337 1119 preuenit

1916 1135 2004 1160 eum
2025 1123 2083 1160 ihs
2103 1123 2234 1161 dicens
2255 1123 2348 1174 quid

1916 1177 1984 1214 tibi
2005 1177 2155 1215 uidetur
2174 1178 2299 1216 simon

1915 1243 2025 1280 reges
2045 1238 2167 1269 terrae
2188 1244 2210 1270 a
2230 1232 2370 1282 quibus

1915 1285 2113 1334 adcipiunt
2133 1286 2315 1324 tributum

1915 1339 1978 1376 uel
1999 1351 2160 1377 censum
2180 1352 2203 1378 a
2223 1341 2307 1378 filiis
2328 1353 2374 1378 su

1915 1394 1947 1431 is
1967 1399 2032 1431 aut
2053 1394 2101 1431 ab
2121 1394 2254 1432 alienis
2309 1395 2380 1433 ²⁰et

1915 1447 1976 1485 ille
1997 1448 2091 1485 dixit
2110 1449 2160 1486 ab
2181 1449 2313 1487 alienis

1915 1501 2023 1540 Dixit
2042 1502 2094 1540 illi
2116 1503 2175 1541 ihs
2194 1516 2289 1553 ergo
2308 1503 2384 1541 libe

1914 1556 1944 1593 ri
1970 1563 2059 1594 sunt
2079 1557 2129 1594 fili
2150 1557 2227 1595 2⁷ut
2248 1566 2378 1596 autem

1913 1622 1993 1651 non
2014 1611 2318 1650 scandalizemus

1913 1752 1995 1791 Eos

1912 1806 2023 1844 Uade
2043 1806 2093 1844 ad
2112 1819 2219 1846 mare
2238 1814 2274 1846 et
2293 1808 2363 1847 mit

1913 1868 1947 1898 te
1966 1873 2099 1899 arnum
2119 1868 2156 1899 et
2174 1874 2264 1900 eum
2284 1864 2344 1913 pis

1911 1927 1998 1953 cem
2019 1916 2083 1965 qui
2105 1916 2251 1965 primus
2271 1922 2391 1956 asce‘·

1910 1969 2008 2007 derit
2028 1982 2137 2008 sume
2159 1977 2196 2008 et
2216 1978 2350 2021 aperto

1910 2035 1976 2061 ore
1997 2024 2078 2062 eius
2099 2024 2272 2063 inuenies
2292 2032 2351 2064 sta

1909 2083 2030 2115 tarem
2050 2078 2157 2116 illum
2177 2079 2319 2118 tollens

1909 2131 1958 2169 da
1978 2132 2032 2169 eis
2052 2145 2124 2181 pro
2145 2145 2207 2171 me
2228 2141 2265 2172 et
2284 2141 2322 2172 te

1909 2194 1970 2223 ΠΙ
1982 2194 2018 2225 18
2031 2186 2075 2224 ¹]
2071 2200 2096 2224 n
2109 2188 2176 2225 illa
2189 2188 2245 2226 die
2258 2201 2414 2226 accesse-

2305 2240 2417 2295 [runt

1910 2294 2084 2344 discipuli
2102 2294 2151 2333 ad
2171 2296 2249 2333 ihm
2270 2296 2387 2334 dice-

1909 2355 1966 2386 tes
1986 2349 2072 2399 quis
2093 2356 2203 2398 putas
2223 2350 2346 2388 maior

1909 2410 1967 2440 est
1988 2403 2027 2440 in
2048 2415 2169 2452 regno
2190 2403 2374 2442 caeloru‘·

1910 2456 1980 2494 ²Et
2001 2456 2058 2494 ihs
2078 2458 2233 2494 uocauit
2256 2465 2412 2507 pueru*‘

1909 2518 1946 2548 et
1967 2511 2097 2548 statuit
2118 2523 2207 2548 eum
2229 2511 2268 2548 in
2289 2524 2352 2550 me

1909 2565 1973 2602 dio
1994 2577 2128 2602 eorum
2149 2565 2207 2602 3et
2226 2565 2321 2603 dixit

1909 2630 2022 2655 amen
2043 2618 2131 2656 dico
2151 2620 2264 2657 uobis
2283 2620 2357 2658 nisi

1908 2673 2086 2710 conuersi
2106 2672 2249 2711 fueritis

1909 2733 1946 2763 et
1967 2726 2184 2764 efficiamini
2200 2728 2296 2765 sicut

1908 2781 2016 2829 pueri
2036 2793 2115 2818 non
2136 2781 2323 2820 intrabitis

1909 2834 1948 2871 in
1969 2846 2092 2884 regno
2112 2836 2310 2873 caelorum

1907 2887 2176 2940 ‘Quicumque
2196 2902 2288 2939 ergo
2309 2890 2361 2928 hu

1909 2942 2110 2980 miliauerit
2129 2956 2169 2981 se
2190 2944 2286 2982 sicut
2307 2956 2360 2993 pu

1909 3009 1950 3034 er
1968 2997 2037 3035 iste
2058 2996 2119 3035 hic
2138 2998 2262 3035 maior
2281 3004 2338 3036 est

1911 3051 1950 3087 in
1970 3063 2090 3100 regno
2110 3051 2305 3090 caelorum
