<?xml version="1.0" encoding="UTF-8"?>
<!DOCTYPE html PUBLIC "-//W3C//DTD XHTML 1.0 Transitional//EN"
    "http://www.w3.org/TR/xhtml1/DTD/xhtml1-transitional.dtd">
<html xmlns="http://www.w3.org/1999/xhtml" xml:lang="en" lang="en">
 <head>
  <title>
</title>
<meta http-equiv="Content-Type" content="text/html;charset=utf-8" />
  <meta name='ocr-system' content='tesseract 3.04.00' />
  <meta name='ocr-capabilities' content='ocr_page ocr_carea ocr_par ocr_line ocrx_word'/>
</head>
<body>
  <div class='ocr_page' id='page_1' title='image "./fourgospelsfromc00bibluoft_0060.png"; bbox 0 0 2820 3334; ppageno 0'>
   <div class='ocr_carea' id='block_1_1' title="bbox 431 230 481 266">
    <p class='ocr_par' dir='ltr' id='par_1_1' title="bbox 431 230 481 266">
     <span class='ocr_line' id='line_1_1' title="bbox 431 230 481 266; baseline 0.02 -1"><span class='ocrx_word' id='word_1_1' title='bbox 431 230 481 266; x_wconf 88' lang='grc'>44</span> 
     </span>
    </p>
   </div>
   <div class='ocr_carea' id='block_1_2' title="bbox 426 306 930 1704">
    <p class='ocr_par' dir='ltr' id='par_1_2' title="bbox 431 306 591 338">
     <span class='ocr_line' id='line_1_2' title="bbox 431 306 591 338; baseline 0 -2"><span class='ocrx_word' id='word_1_2' title='bbox 431 306 513 338; x_wconf 70' lang='lat'><strong>1¹01.</strong></span> <span class='ocrx_word' id='word_1_3' title='bbox 531 307 591 337; x_wconf 89' lang='grc'>86.</span> 
     </span>
    </p>

    <p class='ocr_par' dir='ltr' id='par_1_3' title="bbox 433 348 871 400">
     <span class='ocr_line' id='line_1_3' title="bbox 433 348 871 400; baseline 0 -13"><span class='ocrx_word' id='word_1_4' title='bbox 433 349 510 388; x_wconf 91' lang='lat' dir='ltr'>Sed</span> <span class='ocrx_word' id='word_1_5' title='bbox 530 348 638 400; x_wconf 83' lang='lat' dir='ltr'>quasi</span> <span class='ocrx_word' id='word_1_6' title='bbox 657 349 798 399; x_wconf 89' lang='lat' dir='ltr'>gubitis</span> <span class='ocrx_word' id='word_1_7' title='bbox 817 348 871 388; x_wconf 92' lang='lat' dir='ltr'>du</span> 
     </span>
    </p>

    <p class='ocr_par' dir='ltr' id='par_1_4' title="bbox 431 403 797 453">
     <span class='ocr_line' id='line_1_4' title="bbox 431 403 797 453; baseline -0.003 -11"><span class='ocrx_word' id='word_1_8' title='bbox 431 404 553 442; x_wconf 87' lang='lat' dir='ltr'>centis</span> <span class='ocrx_word' id='word_1_9' title='bbox 573 403 797 453; x_wconf 74' lang='lat' dir='ltr'>trahendtes</span> 
     </span>
    </p>

    <p class='ocr_par' dir='ltr' id='par_1_5' title="bbox 431 458 707 508">
     <span class='ocr_line' id='line_1_5' title="bbox 431 458 707 508; baseline -0.004 -12"><span class='ocrx_word' id='word_1_10' title='bbox 431 459 524 496; x_wconf 89' lang='lat' dir='ltr'>retia</span> <span class='ocrx_word' id='word_1_11' title='bbox 544 458 707 508; x_wconf 83' lang='lat' dir='ltr'>piscium</span> 
     </span>
    </p>

    <p class='ocr_par' dir='ltr' id='par_1_6' title="bbox 431 511 908 562">
     <span class='ocr_line' id='line_1_6' title="bbox 431 511 908 562; baseline -0.002 -12"><span class='ocrx_word' id='word_1_12' title='bbox 431 512 506 550; x_wconf 84' lang='lat' dir='ltr'>⁹Ut</span> <span class='ocrx_word' id='word_1_13' title='bbox 525 525 619 562; x_wconf 87' lang='lat' dir='ltr'>ergo</span> <span class='ocrx_word' id='word_1_14' title='bbox 643 511 908 550; x_wconf 83' lang='lat' dir='ltr'>descenderu-</span> 
     </span>
    </p>

    <p class='ocr_par' dir='ltr' id='par_1_7' title="bbox 430 566 868 604">
     <span class='ocr_line' id='line_1_7' title="bbox 430 566 868 604; baseline 0.002 -1"><span class='ocrx_word' id='word_1_15' title='bbox 430 566 470 603; x_wconf 91' lang='lat' dir='ltr'>in</span> <span class='ocrx_word' id='word_1_16' title='bbox 490 573 628 604; x_wconf 86' lang='lat' dir='ltr'>terram</span> <span class='ocrx_word' id='word_1_17' title='bbox 650 567 784 604; x_wconf 89' lang='lat' dir='ltr'>uident</span> <span class='ocrx_word' id='word_1_18' title='bbox 803 578 868 604; x_wconf 91' lang='lat' dir='ltr'>car</span> 
     </span>
    </p>

    <p class='ocr_par' dir='ltr' id='par_1_8' title="bbox 430 620 891 670">
     <span class='ocr_line' id='line_1_8' title="bbox 430 620 891 670; baseline 0 -12"><span class='ocrx_word' id='word_1_19' title='bbox 430 621 555 658; x_wconf 91' lang='lat' dir='ltr'>bones</span> <span class='ocrx_word' id='word_1_20' title='bbox 574 620 755 658; x_wconf 91' lang='lat' dir='ltr'>incensos</span> <span class='ocrx_word' id='word_1_21' title='bbox 774 626 812 659; x_wconf 89' lang='lat' dir='ltr'>et</span> <span class='ocrx_word' id='word_1_22' title='bbox 831 620 891 670; x_wconf 91' lang='lat' dir='ltr'>pis</span> 
     </span>
    </p>

    <p class='ocr_par' dir='ltr' id='par_1_9' title="bbox 430 682 871 725">
     <span class='ocr_line' id='line_1_9' title="bbox 430 682 871 725; baseline -0.002 -12"><span class='ocrx_word' id='word_1_23' title='bbox 430 687 516 713; x_wconf 87' lang='lat' dir='ltr'>cem</span> <span class='ocrx_word' id='word_1_24' title='bbox 536 682 574 714; x_wconf 90' lang='lat' dir='ltr'>et</span> <span class='ocrx_word' id='word_1_25' title='bbox 593 687 735 724; x_wconf 90' lang='lat' dir='ltr'>panem</span> <span class='ocrx_word' id='word_1_26' title='bbox 756 686 871 725; x_wconf 92' lang='lat' dir='ltr'>super</span> 
     </span>
    </p>

    <p class='ocr_par' dir='ltr' id='par_1_10' title="bbox 429 729 599 778">
     <span class='ocr_line' id='line_1_10' title="bbox 429 729 599 778; baseline -0.006 -11"><span class='ocrx_word' id='word_1_27' title='bbox 429 729 599 778; x_wconf 87' lang='lat' dir='ltr'>positum</span> 
     </span>
    </p>

    <p class='ocr_par' dir='ltr' id='par_1_11' title="bbox 430 782 928 822">
     <span class='ocr_line' id='line_1_11' title="bbox 430 782 928 822; baseline 0 -1"><span class='ocrx_word' id='word_1_28' title='bbox 430 783 568 821; x_wconf 89' lang='lat' dir='ltr'>¹⁰Dicit</span> <span class='ocrx_word' id='word_1_29' title='bbox 579 784 635 822; x_wconf 89' lang='lat' dir='ltr'>eis</span> <span class='ocrx_word' id='word_1_30' title='bbox 650 783 708 821; x_wconf 80' lang='lat' dir='ltr'>ihs</span> <span class='ocrx_word' id='word_1_31' title='bbox 720 782 864 821; x_wconf 89' lang='lat' dir='ltr'>adferte</span> <span class='ocrx_word' id='word_1_32' title='bbox 880 782 928 821; x_wconf 93' lang='lat' dir='ltr'>de</span> 
     </span>
    </p>

    <p class='ocr_par' dir='ltr' id='par_1_12' title="bbox 429 838 887 889">
     <span class='ocr_line' id='line_1_12' title="bbox 429 838 887 889; baseline 0.002 -14"><span class='ocrx_word' id='word_1_33' title='bbox 429 838 599 888; x_wconf 88' lang='lat' dir='ltr'>piscipus</span> <span class='ocrx_word' id='word_1_34' title='bbox 618 850 719 889; x_wconf 91' lang='lat' dir='ltr'>quos</span> <span class='ocrx_word' id='word_1_35' title='bbox 739 849 822 874; x_wconf 92' lang='lat' dir='ltr'>nun</span> <span class='ocrx_word' id='word_1_36' title='bbox 842 850 887 876; x_wconf 93' lang='lat' dir='ltr'>ce</span> 
     </span>
    </p>

    <p class='ocr_par' dir='ltr' id='par_1_13' title="bbox 428 892 538 941">
     <span class='ocr_line' id='line_1_13' title="bbox 428 892 538 941; baseline 0.009 -12"><span class='ocrx_word' id='word_1_37' title='bbox 428 892 538 941; x_wconf 90' lang='lat' dir='ltr'>pistis</span> 
     </span>
    </p>

    <p class='ocr_par' dir='ltr' id='par_1_14' title="bbox 429 945 930 996">
     <span class='ocr_line' id='line_1_14' title="bbox 429 945 930 996; baseline -0.002 -12"><span class='ocrx_word' id='word_1_38' title='bbox 429 945 644 985; x_wconf 83' lang='lat' dir='ltr'>¹¹Ascendit</span> <span class='ocrx_word' id='word_1_39' title='bbox 656 946 783 984; x_wconf 89' lang='lat' dir='ltr'>simon</span> <span class='ocrx_word' id='word_1_40' title='bbox 797 952 930 996; x_wconf 90' lang='lat' dir='ltr'>petrus</span> 
     </span>
    </p>

    <p class='ocr_par' dir='ltr' id='par_1_15' title="bbox 429 1001 888 1038">
     <span class='ocr_line' id='line_1_15' title="bbox 429 1001 888 1038; baseline -0.002 0"><span class='ocrx_word' id='word_1_41' title='bbox 429 1007 468 1038; x_wconf 90' lang='lat' dir='ltr'>et</span> <span class='ocrx_word' id='word_1_42' title='bbox 486 1001 600 1038; x_wconf 88' lang='lat' dir='ltr'><strong>traxit</strong></span> <span class='ocrx_word' id='word_1_43' title='bbox 620 1008 740 1038; x_wconf 90' lang='lat' dir='ltr'>retem</span> <span class='ocrx_word' id='word_1_44' title='bbox 761 1001 811 1038; x_wconf 88' lang='lat' dir='ltr'>ad</span> <span class='ocrx_word' id='word_1_45' title='bbox 830 1007 888 1038; x_wconf 91' lang='lat' dir='ltr'>ter</span> 
     </span>
    </p>

    <p class='ocr_par' dir='ltr' id='par_1_16' title="bbox 427 1054 879 1104">
     <span class='ocr_line' id='line_1_16' title="bbox 427 1054 879 1104; baseline -0.004 -11"><span class='ocrx_word' id='word_1_46' title='bbox 427 1067 511 1093; x_wconf 88' lang='lat' dir='ltr'>ram</span> <span class='ocrx_word' id='word_1_47' title='bbox 530 1055 690 1104; x_wconf 91' lang='lat' dir='ltr'>plenum</span> <span class='ocrx_word' id='word_1_48' title='bbox 708 1054 879 1104; x_wconf 89' lang='lat' dir='ltr'>piscibus</span> 
     </span>
    </p>

    <p class='ocr_par' dir='ltr' id='par_1_17' title="bbox 428 1108 872 1159">
     <span class='ocr_line' id='line_1_17' title="bbox 428 1108 872 1159; baseline -0.007 -12"><span class='ocrx_word' id='word_1_49' title='bbox 428 1109 581 1158; x_wconf 90' lang='lat' dir='ltr'>magnis</span> <span class='ocrx_word' id='word_1_50' title='bbox 599 1115 754 1147; x_wconf 89' lang='lat' dir='ltr'>centurn</span> <span class='ocrx_word' id='word_1_51' title='bbox 775 1108 872 1159; x_wconf 68' lang='lat' dir='ltr'>qui-</span> 
     </span>
    </p>

    <p class='ocr_par' dir='ltr' id='par_1_18' title="bbox 427 1163 903 1214">
     <span class='ocr_line' id='line_1_18' title="bbox 427 1163 903 1214; baseline 0 -14"><span class='ocrx_word' id='word_1_52' title='bbox 427 1163 614 1214; x_wconf 88' lang='lat' dir='ltr'>quaginta</span> <span class='ocrx_word' id='word_1_53' title='bbox 634 1163 753 1200; x_wconf 90' lang='lat' dir='ltr'>tribus</span> <span class='ocrx_word' id='word_1_54' title='bbox 772 1170 810 1201; x_wconf 93' lang='lat' dir='ltr'>et</span> <span class='ocrx_word' id='word_1_55' title='bbox 829 1169 903 1201; x_wconf 81' lang='lat' dir='ltr'>cu&#39;·</span> 
     </span>
    </p>

    <p class='ocr_par' dir='ltr' id='par_1_19' title="bbox 427 1219 850 1256">
     <span class='ocr_line' id='line_1_19' title="bbox 427 1219 850 1256; baseline -0.005 0"><span class='ocrx_word' id='word_1_56' title='bbox 427 1219 523 1256; x_wconf 89' lang='lat' dir='ltr'>tanti</span> <span class='ocrx_word' id='word_1_57' title='bbox 542 1224 672 1256; x_wconf 87' lang='lat' dir='ltr'>essent</span> <span class='ocrx_word' id='word_1_58' title='bbox 692 1229 773 1256; x_wconf 90' lang='lat' dir='ltr'>non</span> <span class='ocrx_word' id='word_1_59' title='bbox 792 1223 850 1255; x_wconf 91' lang='lat' dir='ltr'>est</span> 
     </span>
    </p>

    <p class='ocr_par' dir='ltr' id='par_1_20' title="bbox 426 1272 727 1310">
     <span class='ocr_line' id='line_1_20' title="bbox 426 1272 727 1310; baseline -0.003 0"><span class='ocrx_word' id='word_1_60' title='bbox 426 1272 587 1310; x_wconf 89' lang='lat' dir='ltr'>scissum</span> <span class='ocrx_word' id='word_1_61' title='bbox 607 1278 727 1310; x_wconf 90' lang='lat' dir='ltr'>retem</span> 
     </span>
    </p>

    <p class='ocr_par' dir='ltr' id='par_1_21' title="bbox 426 1325 926 1376">
     <span class='ocr_line' id='line_1_21' title="bbox 426 1325 926 1376; baseline -0.002 -12"><span class='ocrx_word' id='word_1_62' title='bbox 426 1326 457 1348; x_wconf 84' lang='lat'>¹²</span> <span class='ocrx_word' id='word_1_63' title='bbox 464 1326 606 1364; x_wconf 90' lang='lat' dir='ltr'>Dicitei</span> <span class='ocrx_word' id='word_1_64' title='bbox 619 1326 677 1364; x_wconf 82' lang='lat' dir='ltr'>ihs</span> <span class='ocrx_word' id='word_1_65' title='bbox 690 1325 818 1364; x_wconf 89' lang='lat' dir='ltr'>uenite</span> <span class='ocrx_word' id='word_1_66' title='bbox 831 1337 926 1376; x_wconf 89' lang='lat' dir='ltr'>pran</span> 
     </span>
    </p>

    <p class='ocr_par' dir='ltr' id='par_1_22' title="bbox 427 1380 515 1419">
     <span class='ocr_line' id='line_1_22' title="bbox 427 1380 515 1419; baseline 0.011 -1"><span class='ocrx_word' id='word_1_67' title='bbox 427 1380 515 1419; x_wconf 91' lang='lat' dir='ltr'>dete</span> 
     </span>
    </p>

    <p class='ocr_par' dir='ltr' id='par_1_23' title="bbox 427 1434 895 1474">
     <span class='ocr_line' id='line_1_23' title="bbox 427 1434 895 1474; baseline -0.004 0"><span class='ocrx_word' id='word_1_68' title='bbox 427 1435 559 1474; x_wconf 89' lang='lat' dir='ltr'>Nemo</span> <span class='ocrx_word' id='word_1_69' title='bbox 578 1440 710 1472; x_wconf 90' lang='lat' dir='ltr'>tamen</span> <span class='ocrx_word' id='word_1_70' title='bbox 729 1434 895 1472; x_wconf 85' lang='lat' dir='ltr'>audebat</span> 
     </span>
    </p>

    <p class='ocr_par' dir='ltr' id='par_1_24' title="bbox 426 1489 819 1527">
     <span class='ocr_line' id='line_1_24' title="bbox 426 1489 819 1527; baseline 0 -1"><span class='ocrx_word' id='word_1_71' title='bbox 426 1489 656 1527; x_wconf 89' lang='lat' dir='ltr'>discentium</span> <span class='ocrx_word' id='word_1_72' title='bbox 677 1489 819 1527; x_wconf 91' lang='lat' dir='ltr'>interro</span> 
     </span>
    </p>

    <p class='ocr_par' dir='ltr' id='par_1_25' title="bbox 428 1543 858 1593">
     <span class='ocr_line' id='line_1_25' title="bbox 428 1543 858 1593; baseline 0 -12"><span class='ocrx_word' id='word_1_73' title='bbox 428 1555 521 1593; x_wconf 85' lang='lat' dir='ltr'>gare</span> <span class='ocrx_word' id='word_1_74' title='bbox 539 1555 631 1581; x_wconf 91' lang='lat' dir='ltr'>eum</span> <span class='ocrx_word' id='word_1_75' title='bbox 650 1549 690 1581; x_wconf 91' lang='lat' dir='ltr'>tu</span> <span class='ocrx_word' id='word_1_76' title='bbox 711 1543 796 1593; x_wconf 86' lang='lat' dir='ltr'>quis</span> <span class='ocrx_word' id='word_1_77' title='bbox 816 1555 858 1581; x_wconf 92' lang='lat' dir='ltr'>es</span> 
     </span>
    </p>

    <p class='ocr_par' dir='ltr' id='par_1_26' title="bbox 428 1597 928 1704">
     <span class='ocr_line' id='line_1_26' title="bbox 428 1597 927 1704; baseline -0.002 -68"><span class='ocrx_word' id='word_1_78' title='bbox 428 1598 594 1636; x_wconf 88' lang='lat' dir='ltr'>scientes</span> <span class='ocrx_word' id='word_1_79' title='bbox 624 1598 715 1648; x_wconf 91' lang='lat' dir='ltr'>quia</span> <span class='ocrx_word' id='word_1_80' title='bbox 747 1597 853 1704; x_wconf 76' lang='lat' dir='ltr'>ipse[</span> <span class='ocrx_word' id='word_1_81' title='bbox 869 1603 927 1636; x_wconf 92' lang='lat' dir='ltr'>est</span> 
     </span>
     <span class='ocr_line' id='line_1_27' title="bbox 855 1653 928 1691; baseline 0.014 -1"><span class='ocrx_word' id='word_1_82' title='bbox 855 1653 928 1691; x_wconf 77' lang='lat' dir='ltr'>dfis</span> 
     </span>
    </p>
   </div>
   <div class='ocr_carea' id='block_1_3' title="bbox 425 1837 928 3136">
    <p class='ocr_par' dir='ltr' id='par_1_27' title="bbox 426 1837 891 1943">
     <span class='ocr_line' id='line_1_28' title="bbox 426 1837 891 1888; baseline 0.006 -13"><span class='ocrx_word' id='word_1_83' title='bbox 426 1837 579 1876; x_wconf 76' lang='lat' dir='ltr'>¹³Uenit</span> <span class='ocrx_word' id='word_1_84' title='bbox 597 1850 690 1888; x_wconf 91' lang='lat' dir='ltr'>ergo</span> <span class='ocrx_word' id='word_1_85' title='bbox 710 1838 769 1877; x_wconf 82' lang='lat' dir='ltr'>ihs</span> <span class='ocrx_word' id='word_1_86' title='bbox 789 1844 826 1877; x_wconf 91' lang='lat' dir='ltr'>et</span> <span class='ocrx_word' id='word_1_87' title='bbox 845 1851 891 1878; x_wconf 92' lang='lat' dir='ltr'>ac</span> 
     </span>
     <span class='ocr_line' id='line_1_29' title="bbox 426 1893 832 1943; baseline 0.005 -13"><span class='ocrx_word' id='word_1_88' title='bbox 426 1893 528 1942; x_wconf 88' lang='lat' dir='ltr'>cepit</span> <span class='ocrx_word' id='word_1_89' title='bbox 547 1905 689 1943; x_wconf 88' lang='lat' dir='ltr'>panem</span> <span class='ocrx_word' id='word_1_90' title='bbox 709 1899 746 1932; x_wconf 91' lang='lat' dir='ltr'>et</span> <span class='ocrx_word' id='word_1_91' title='bbox 766 1894 832 1932; x_wconf 92' lang='lat' dir='ltr'>dat</span> 
     </span>
    </p>

    <p class='ocr_par' dir='ltr' id='par_1_28' title="bbox 425 1948 837 1997">
     <span class='ocr_line' id='line_1_30' title="bbox 425 1948 837 1997; baseline 0 -12"><span class='ocrx_word' id='word_1_92' title='bbox 425 1948 482 1985; x_wconf 92' lang='lat' dir='ltr'>eis</span> <span class='ocrx_word' id='word_1_93' title='bbox 501 1954 539 1985; x_wconf 91' lang='lat' dir='ltr'>et</span> <span class='ocrx_word' id='word_1_94' title='bbox 557 1948 704 1997; x_wconf 87' lang='lat' dir='ltr'>piscem</span> <span class='ocrx_word' id='word_1_95' title='bbox 725 1948 837 1986; x_wconf 86' lang='lat' dir='ltr'>simili</span> 
     </span>
    </p>

    <p class='ocr_par' dir='ltr' id='par_1_29' title="bbox 426 2000 845 2203">
     <span class='ocr_line' id='line_1_31' title="bbox 427 2000 839 2041; baseline 0.002 -2"><span class='ocrx_word' id='word_1_96' title='bbox 427 2008 485 2039; x_wconf 90' lang='lat' dir='ltr'>ter</span> <span class='ocrx_word' id='word_1_97' title='bbox 503 2000 531 2022; x_wconf 81' lang='lat'>¹⁴</span> <span class='ocrx_word' id='word_1_98' title='bbox 539 2001 613 2040; x_wconf 90' lang='lat' dir='ltr'>hoc</span> <span class='ocrx_word' id='word_1_99' title='bbox 632 2003 709 2040; x_wconf 91' lang='lat' dir='ltr'>iam</span> <span class='ocrx_word' id='word_1_100' title='bbox 728 2003 839 2041; x_wconf 90' lang='lat' dir='ltr'>tertio</span> 
     </span>
     <span class='ocr_line' id='line_1_32' title="bbox 427 2055 845 2095; baseline 0.007 -3"><span class='ocrx_word' id='word_1_101' title='bbox 427 2055 693 2094; x_wconf 88' lang='lat' dir='ltr'>manifestatus</span> <span class='ocrx_word' id='word_1_102' title='bbox 711 2063 768 2094; x_wconf 90' lang='lat' dir='ltr'>est</span> <span class='ocrx_word' id='word_1_103' title='bbox 786 2056 845 2095; x_wconf 82' lang='lat' dir='ltr'>ihs</span> 
     </span>
     <span class='ocr_line' id='line_1_33' title="bbox 428 2109 794 2159; baseline 0.003 -12"><span class='ocrx_word' id='word_1_104' title='bbox 428 2109 623 2159; x_wconf 89' lang='lat' dir='ltr'>discipulis</span> <span class='ocrx_word' id='word_1_105' title='bbox 642 2122 732 2148; x_wconf 92' lang='lat' dir='ltr'>cum</span> <span class='ocrx_word' id='word_1_106' title='bbox 753 2123 794 2148; x_wconf 91' lang='lat' dir='ltr'>re</span> 
     </span>
     <span class='ocr_line' id='line_1_34' title="bbox 426 2164 801 2203; baseline 0.005 -2"><span class='ocrx_word' id='word_1_107' title='bbox 426 2164 652 2202; x_wconf 86' lang='lat' dir='ltr'>surrexisset</span> <span class='ocrx_word' id='word_1_108' title='bbox 673 2176 696 2202; x_wconf 95' lang='lat' dir='ltr'>a</span> <span class='ocrx_word' id='word_1_109' title='bbox 715 2176 801 2203; x_wconf 88' lang='lat' dir='ltr'>mor</span> 
     </span>
    </p>

    <p class='ocr_par' dir='ltr' id='par_1_30' title="bbox 425 2217 502 2256">
     <span class='ocr_line' id='line_1_35' title="bbox 425 2217 502 2256; baseline 0.013 -1"><span class='ocrx_word' id='word_1_110' title='bbox 425 2217 502 2256; x_wconf 90' lang='lat' dir='ltr'>tuis</span> 
     </span>
    </p>

    <p class='ocr_par' dir='ltr' id='par_1_31' title="bbox 426 2271 928 2486">
     <span class='ocr_line' id='line_1_36' title="bbox 426 2271 896 2323; baseline 0 -13"><span class='ocrx_word' id='word_1_111' title='bbox 426 2271 566 2310; x_wconf 83' lang='lat' dir='ltr'>¹⁵Cum</span> <span class='ocrx_word' id='word_1_112' title='bbox 585 2284 679 2323; x_wconf 92' lang='lat' dir='ltr'>ergo</span> <span class='ocrx_word' id='word_1_113' title='bbox 698 2272 896 2323; x_wconf 91' lang='lat' dir='ltr'>prandidis</span> 
     </span>
     <span class='ocr_line' id='line_1_37' title="bbox 427 2327 928 2377; baseline 0.002 -12"><span class='ocrx_word' id='word_1_114' title='bbox 427 2333 485 2365; x_wconf 91' lang='lat' dir='ltr'>set</span> <span class='ocrx_word' id='word_1_115' title='bbox 504 2327 556 2364; x_wconf 91' lang='lat' dir='ltr'>ait</span> <span class='ocrx_word' id='word_1_116' title='bbox 575 2327 634 2365; x_wconf 84' lang='lat' dir='ltr'>ihs</span> <span class='ocrx_word' id='word_1_117' title='bbox 654 2327 797 2366; x_wconf 87' lang='lat' dir='ltr'>simoni</span> <span class='ocrx_word' id='word_1_118' title='bbox 817 2334 928 2377; x_wconf 92' lang='lat' dir='ltr'>petro</span> 
     </span>
     <span class='ocr_line' id='line_1_38' title="bbox 428 2381 843 2420; baseline 0 -2"><span class='ocrx_word' id='word_1_119' title='bbox 428 2381 557 2419; x_wconf 87' lang='lat' dir='ltr'>simon</span> <span class='ocrx_word' id='word_1_120' title='bbox 577 2381 757 2420; x_wconf 90' lang='lat' dir='ltr'>iohannis</span> <span class='ocrx_word' id='word_1_121' title='bbox 776 2381 843 2419; x_wconf 93' lang='lat' dir='ltr'>dili</span> 
     </span>
     <span class='ocr_line' id='line_1_39' title="bbox 427 2436 569 2486; baseline 0.007 -13"><span class='ocrx_word' id='word_1_122' title='bbox 427 2436 487 2486; x_wconf 88' lang='lat' dir='ltr'>gis</span> <span class='ocrx_word' id='word_1_123' title='bbox 505 2447 569 2474; x_wconf 89' lang='lat' dir='ltr'>me</span> 
     </span>
    </p>

    <p class='ocr_par' dir='ltr' id='par_1_32' title="bbox 428 2488 879 2595">
     <span class='ocr_line' id='line_1_40' title="bbox 429 2488 879 2528; baseline 0 -1"><span class='ocrx_word' id='word_1_124' title='bbox 429 2490 534 2528; x_wconf 87' lang='lat' dir='ltr'>Dicit</span> <span class='ocrx_word' id='word_1_125' title='bbox 552 2489 587 2528; x_wconf 91' lang='lat' dir='ltr'>ei</span> <span class='ocrx_word' id='word_1_126' title='bbox 606 2489 723 2528; x_wconf 90' lang='lat' dir='ltr'>etiam</span> <span class='ocrx_word' id='word_1_127' title='bbox 742 2488 818 2528; x_wconf 73' lang='lat' dir='ltr'>dr‘re</span> <span class='ocrx_word' id='word_1_128' title='bbox 838 2495 879 2527; x_wconf 91' lang='lat' dir='ltr'>tu</span> 
     </span>
     <span class='ocr_line' id='line_1_41' title="bbox 428 2544 780 2595; baseline 0.003 -14"><span class='ocrx_word' id='word_1_129' title='bbox 428 2544 503 2582; x_wconf 89' lang='lat' dir='ltr'>scis</span> <span class='ocrx_word' id='word_1_130' title='bbox 523 2544 614 2595; x_wconf 91' lang='lat' dir='ltr'>quia</span> <span class='ocrx_word' id='word_1_131' title='bbox 632 2555 724 2582; x_wconf 91' lang='lat' dir='ltr'>amo</span> <span class='ocrx_word' id='word_1_132' title='bbox 743 2550 780 2582; x_wconf 91' lang='lat' dir='ltr'>te</span> 
     </span>
    </p>

    <p class='ocr_par' dir='ltr' id='par_1_33' title="bbox 428 2597 882 2691">
     <span class='ocr_line' id='line_1_42' title="bbox 428 2597 882 2649; baseline 0.004 -14"><span class='ocrx_word' id='word_1_133' title='bbox 428 2597 532 2636; x_wconf 87' lang='lat' dir='ltr'>Dicit</span> <span class='ocrx_word' id='word_1_134' title='bbox 551 2598 601 2636; x_wconf 90' lang='lat' dir='ltr'>illi</span> <span class='ocrx_word' id='word_1_135' title='bbox 621 2610 738 2649; x_wconf 89' lang='lat' dir='ltr'>pasce</span> <span class='ocrx_word' id='word_1_136' title='bbox 758 2610 882 2648; x_wconf 90' lang='lat' dir='ltr'>agnos</span> 
     </span>
     <span class='ocr_line' id='line_1_43' title="bbox 428 2663 538 2691; baseline 0.018 -2"><span class='ocrx_word' id='word_1_137' title='bbox 428 2663 538 2691; x_wconf 91' lang='lat' dir='ltr'>meos</span> 
     </span>
    </p>

    <p class='ocr_par' dir='ltr' id='par_1_34' title="bbox 427 2705 900 2918">
     <span class='ocr_line' id='line_1_44' title="bbox 429 2705 900 2746; baseline 0.008 -4"><span class='ocrx_word' id='word_1_138' title='bbox 429 2705 527 2743; x_wconf 78' lang='lat' dir='ltr'>¹⁶Ait</span> <span class='ocrx_word' id='word_1_139' title='bbox 545 2706 595 2743; x_wconf 91' lang='lat' dir='ltr'>illi</span> <span class='ocrx_word' id='word_1_140' title='bbox 614 2706 752 2744; x_wconf 91' lang='lat' dir='ltr'>iterum</span> <span class='ocrx_word' id='word_1_141' title='bbox 773 2708 900 2746; x_wconf 89' lang='lat' dir='ltr'>simon</span> 
     </span>
     <span class='ocr_line' id='line_1_45' title="bbox 427 2759 841 2811; baseline 0.005 -14"><span class='ocrx_word' id='word_1_142' title='bbox 427 2759 616 2798; x_wconf 90' lang='lat' dir='ltr'>iohannes</span> <span class='ocrx_word' id='word_1_143' title='bbox 636 2762 759 2811; x_wconf 87' lang='lat' dir='ltr'>diligis</span> <span class='ocrx_word' id='word_1_144' title='bbox 777 2774 841 2799; x_wconf 90' lang='lat' dir='ltr'>me</span> 
     </span>
     <span class='ocr_line' id='line_1_46' title="bbox 429 2813 891 2854; baseline 0.004 -2"><span class='ocrx_word' id='word_1_145' title='bbox 429 2813 535 2852; x_wconf 89' lang='lat' dir='ltr'>Dicit</span> <span class='ocrx_word' id='word_1_146' title='bbox 553 2814 587 2851; x_wconf 91' lang='lat' dir='ltr'>ei</span> <span class='ocrx_word' id='word_1_147' title='bbox 606 2815 721 2852; x_wconf 87' lang='lat' dir='ltr'>etiam</span> <span class='ocrx_word' id='word_1_148' title='bbox 741 2815 829 2854; x_wconf 68' lang='lat' dir='ltr'>drine</span> <span class='ocrx_word' id='word_1_149' title='bbox 850 2823 891 2854; x_wconf 93' lang='lat' dir='ltr'>tu</span> 
     </span>
     <span class='ocr_line' id='line_1_47' title="bbox 429 2868 806 2918; baseline 0.003 -12"><span class='ocrx_word' id='word_1_150' title='bbox 429 2869 505 2907; x_wconf 90' lang='lat' dir='ltr'>scis</span> <span class='ocrx_word' id='word_1_151' title='bbox 523 2869 614 2918; x_wconf 92' lang='lat' dir='ltr'>quia</span> <span class='ocrx_word' id='word_1_152' title='bbox 633 2868 751 2917; x_wconf 90' lang='lat' dir='ltr'>diligo</span> <span class='ocrx_word' id='word_1_153' title='bbox 771 2876 806 2907; x_wconf 90' lang='lat' dir='ltr'>te</span> 
     </span>
    </p>

    <p class='ocr_par' dir='ltr' id='par_1_35' title="bbox 429 2922 927 3136">
     <span class='ocr_line' id='line_1_48' title="bbox 429 2922 927 2972; baseline 0.002 -11"><span class='ocrx_word' id='word_1_154' title='bbox 429 2922 496 2961; x_wconf 90' lang='lat' dir='ltr'>Ait</span> <span class='ocrx_word' id='word_1_155' title='bbox 515 2922 564 2960; x_wconf 93' lang='lat' dir='ltr'>illi</span> <span class='ocrx_word' id='word_1_156' title='bbox 579 2934 693 2972; x_wconf 90' lang='lat' dir='ltr'>pasce</span> <span class='ocrx_word' id='word_1_157' title='bbox 709 2934 805 2961; x_wconf 90' lang='lat' dir='ltr'>oues</span> <span class='ocrx_word' id='word_1_158' title='bbox 820 2935 927 2962; x_wconf 88' lang='lat' dir='ltr'>meas</span> 
     </span>
     <span class='ocr_line' id='line_1_49' title="bbox 430 2976 913 3025; baseline 0.002 -11"><span class='ocrx_word' id='word_1_159' title='bbox 430 2976 566 3015; x_wconf 86' lang='lat' dir='ltr'>¹⁷Dicit</span> <span class='ocrx_word' id='word_1_160' title='bbox 586 2977 620 3014; x_wconf 90' lang='lat' dir='ltr'>ei</span> <span class='ocrx_word' id='word_1_161' title='bbox 640 2976 766 3025; x_wconf 73' lang='lat' dir='ltr'>tertito</span> <span class='ocrx_word' id='word_1_162' title='bbox 786 2977 913 3015; x_wconf 90' lang='lat' dir='ltr'>simon</span> 
     </span>
     <span class='ocr_line' id='line_1_50' title="bbox 429 3030 826 3069; baseline 0.003 -1"><span class='ocrx_word' id='word_1_163' title='bbox 429 3030 617 3069; x_wconf 90' lang='lat' dir='ltr'>iohannes</span> <span class='ocrx_word' id='word_1_164' title='bbox 636 3042 744 3069; x_wconf 89' lang='lat' dir='ltr'>amas</span> <span class='ocrx_word' id='word_1_165' title='bbox 763 3042 826 3069; x_wconf 92' lang='lat' dir='ltr'>me</span> 
     </span>
     <span class='ocr_line' id='line_1_51' title="bbox 430 3084 915 3136; baseline 0 -12"><span class='ocrx_word' id='word_1_166' title='bbox 430 3084 689 3124; x_wconf 89' lang='lat' dir='ltr'>Contristatus</span> <span class='ocrx_word' id='word_1_167' title='bbox 707 3092 764 3125; x_wconf 89' lang='lat' dir='ltr'>est</span> <span class='ocrx_word' id='word_1_168' title='bbox 783 3091 915 3136; x_wconf 86' lang='lat' dir='ltr'>petrus</span> 
     </span>
    </p>
   </div>
   <div class='ocr_carea' id='block_1_4' title="bbox 665 215 1216 258">
    <p class='ocr_par' dir='ltr' id='par_1_36' title="bbox 665 215 1216 258">
     <span class='ocr_line' id='line_1_52' title="bbox 665 215 1216 258; baseline 0.002 -2"><span class='ocrx_word' id='word_1_169' title='bbox 665 215 1082 258; x_wconf 82' lang='lat' dir='ltr'><em>EUANGELIUM</em></span> <span class='ocrx_word' id='word_1_170' title='bbox 1103 216 1216 257; x_wconf 88' lang='lat' dir='ltr'>SEC</span> 
     </span>
    </p>
   </div>
   <div class='ocr_carea' id='block_1_5' title="bbox 961 348 1418 1212">
    <p class='ocr_par' dir='ltr' id='par_1_37' title="bbox 964 348 1364 442">
     <span class='ocr_line' id='line_1_53' title="bbox 965 348 1364 397; baseline 0 -9"><span class='ocrx_word' id='word_1_171' title='bbox 965 349 1070 397; x_wconf 87' lang='lat' dir='ltr'>Quia</span> <span class='ocrx_word' id='word_1_172' title='bbox 1088 348 1182 387; x_wconf 86' lang='lat' dir='ltr'>dixit</span> <span class='ocrx_word' id='word_1_173' title='bbox 1200 348 1235 388; x_wconf 91' lang='lat' dir='ltr'>ei</span> <span class='ocrx_word' id='word_1_174' title='bbox 1254 349 1364 389; x_wconf 88' lang='lat' dir='ltr'>tertio</span> 
     </span>
     <span class='ocr_line' id='line_1_54' title="bbox 964 416 1156 442; baseline 0 0"><span class='ocrx_word' id='word_1_175' title='bbox 964 416 1073 442; x_wconf 90' lang='lat' dir='ltr'>amas</span> <span class='ocrx_word' id='word_1_176' title='bbox 1092 416 1156 442; x_wconf 88' lang='lat' dir='ltr'>me</span> 
     </span>
    </p>

    <p class='ocr_par' dir='ltr' id='par_1_38' title="bbox 963 457 1413 660">
     <span class='ocr_line' id='line_1_55' title="bbox 964 457 1396 496; baseline -0.002 0"><span class='ocrx_word' id='word_1_177' title='bbox 964 459 1016 496; x_wconf 92' lang='lat' dir='ltr'>Et</span> <span class='ocrx_word' id='word_1_178' title='bbox 1035 459 1087 496; x_wconf 90' lang='lat' dir='ltr'>ait</span> <span class='ocrx_word' id='word_1_179' title='bbox 1107 458 1182 496; x_wconf 79' lang='lat' dir='ltr'>dfie</span> <span class='ocrx_word' id='word_1_180' title='bbox 1202 457 1335 496; x_wconf 91' lang='lat' dir='ltr'>omnia</span> <span class='ocrx_word' id='word_1_181' title='bbox 1354 465 1396 495; x_wconf 92' lang='lat' dir='ltr'>tu</span> 
     </span>
     <span class='ocr_line' id='line_1_56' title="bbox 965 512 1331 562; baseline -0.005 -11"><span class='ocrx_word' id='word_1_182' title='bbox 965 513 1041 551; x_wconf 89' lang='lat' dir='ltr'>scis</span> <span class='ocrx_word' id='word_1_183' title='bbox 1060 519 1101 550; x_wconf 91' lang='lat' dir='ltr'>tu</span> <span class='ocrx_word' id='word_1_184' title='bbox 1121 513 1222 550; x_wconf 91' lang='lat' dir='ltr'>nosti</span> <span class='ocrx_word' id='word_1_185' title='bbox 1241 512 1331 562; x_wconf 88' lang='lat' dir='ltr'>quia</span> 
     </span>
     <span class='ocr_line' id='line_1_57' title="bbox 964 566 1413 617; baseline -0.002 -12"><span class='ocrx_word' id='word_1_186' title='bbox 964 578 1054 605; x_wconf 89' lang='lat' dir='ltr'>amo</span> <span class='ocrx_word' id='word_1_187' title='bbox 1073 573 1110 604; x_wconf 93' lang='lat' dir='ltr'>te</span> <span class='ocrx_word' id='word_1_188' title='bbox 1130 566 1220 605; x_wconf 91' lang='lat' dir='ltr'>dicit</span> <span class='ocrx_word' id='word_1_189' title='bbox 1239 568 1274 604; x_wconf 93' lang='lat' dir='ltr'>ei</span> <span class='ocrx_word' id='word_1_190' title='bbox 1295 578 1413 617; x_wconf 91' lang='lat' dir='ltr'>pasce</span> 
     </span>
     <span class='ocr_line' id='line_1_58' title="bbox 963 633 1185 660; baseline 0.005 -1"><span class='ocrx_word' id='word_1_191' title='bbox 963 633 1058 660; x_wconf 90' lang='lat' dir='ltr'>oues</span> <span class='ocrx_word' id='word_1_192' title='bbox 1077 633 1185 660; x_wconf 89' lang='lat' dir='ltr'>meas</span> 
     </span>
    </p>

    <p class='ocr_par' dir='ltr' id='par_1_39' title="bbox 963 674 1418 834">
     <span class='ocr_line' id='line_1_59' title="bbox 964 674 1418 713; baseline -0.002 0"><span class='ocrx_word' id='word_1_193' title='bbox 964 675 1128 713; x_wconf 84' lang='lat' dir='ltr'>18Amen</span> <span class='ocrx_word' id='word_1_194' title='bbox 1147 686 1262 713; x_wconf 88' lang='lat' dir='ltr'>amen</span> <span class='ocrx_word' id='word_1_195' title='bbox 1281 674 1370 713; x_wconf 94' lang='lat' dir='ltr'>dico</span> <span class='ocrx_word' id='word_1_196' title='bbox 1390 674 1418 712; x_wconf 90' lang='lat' dir='ltr'>ti</span> 
     </span>
     <span class='ocr_line' id='line_1_60' title="bbox 963 729 1344 768; baseline 0 -1"><span class='ocrx_word' id='word_1_197' title='bbox 963 730 1002 767; x_wconf 95' lang='lat' dir='ltr'>bi</span> <span class='ocrx_word' id='word_1_198' title='bbox 1022 741 1111 768; x_wconf 92' lang='lat' dir='ltr'>cum</span> <span class='ocrx_word' id='word_1_199' title='bbox 1130 741 1235 767; x_wconf 93' lang='lat' dir='ltr'>esses</span> <span class='ocrx_word' id='word_1_200' title='bbox 1254 729 1344 767; x_wconf 90' lang='lat' dir='ltr'>iuue</span> 
     </span>
     <span class='ocr_line' id='line_1_61' title="bbox 964 784 1322 834; baseline 0.003 -13"><span class='ocrx_word' id='word_1_201' title='bbox 964 784 1049 822; x_wconf 92' lang='lat' dir='ltr'>nior</span> <span class='ocrx_word' id='word_1_202' title='bbox 1067 784 1322 834; x_wconf 89' lang='lat' dir='ltr'>precingebas</span> 
     </span>
    </p>

    <p class='ocr_par' dir='ltr' id='par_1_40' title="bbox 961 839 1414 1212">
     <span class='ocr_line' id='line_1_62' title="bbox 963 839 1405 887; baseline 0 -12"><span class='ocrx_word' id='word_1_203' title='bbox 963 846 1000 875; x_wconf 93' lang='lat' dir='ltr'>te</span> <span class='ocrx_word' id='word_1_204' title='bbox 1021 845 1059 875; x_wconf 91' lang='lat' dir='ltr'>et</span> <span class='ocrx_word' id='word_1_205' title='bbox 1078 839 1306 876; x_wconf 86' lang='lat' dir='ltr'>ambulabas</span> <span class='ocrx_word' id='word_1_206' title='bbox 1326 848 1405 887; x_wconf 93' lang='lat' dir='ltr'>quo</span> 
     </span>
     <span class='ocr_line' id='line_1_63' title="bbox 962 892 1386 930; baseline 0 -1"><span class='ocrx_word' id='word_1_207' title='bbox 962 892 1122 930; x_wconf 89' lang='lat' dir='ltr'>uolebas</span> <span class='ocrx_word' id='word_1_208' title='bbox 1161 904 1249 930; x_wconf 93' lang='lat' dir='ltr'>cum</span> <span class='ocrx_word' id='word_1_209' title='bbox 1269 898 1386 929; x_wconf 70' lang='lat' dir='ltr'>aute-</span> 
     </span>
     <span class='ocr_line' id='line_1_64' title="bbox 964 946 1329 984; baseline -0.003 0"><span class='ocrx_word' id='word_1_210' title='bbox 964 947 1134 984; x_wconf 91' lang='lat' dir='ltr'>senueris</span> <span class='ocrx_word' id='word_1_211' title='bbox 1153 946 1329 984; x_wconf 85' lang='lat' dir='ltr'>extendis</span> 
     </span>
     <span class='ocr_line' id='line_1_65' title="bbox 962 999 1401 1038; baseline 0 0"><span class='ocrx_word' id='word_1_212' title='bbox 962 1012 1101 1038; x_wconf 91' lang='lat' dir='ltr'>manus</span> <span class='ocrx_word' id='word_1_213' title='bbox 1120 1012 1227 1038; x_wconf 89' lang='lat' dir='ltr'>meas</span> <span class='ocrx_word' id='word_1_214' title='bbox 1246 1006 1284 1038; x_wconf 92' lang='lat' dir='ltr'>et</span> <span class='ocrx_word' id='word_1_215' title='bbox 1304 999 1401 1038; x_wconf 89' lang='lat' dir='ltr'>alius</span> 
     </span>
     <span class='ocr_line' id='line_1_66' title="bbox 962 1054 1400 1104; baseline -0.002 -12"><span class='ocrx_word' id='word_1_216' title='bbox 962 1060 999 1092; x_wconf 89' lang='lat' dir='ltr'>te</span> <span class='ocrx_word' id='word_1_217' title='bbox 1019 1054 1210 1104; x_wconf 88' lang='lat' dir='ltr'>precingit</span> <span class='ocrx_word' id='word_1_218' title='bbox 1228 1060 1266 1092; x_wconf 90' lang='lat' dir='ltr'>et</span> <span class='ocrx_word' id='word_1_219' title='bbox 1285 1054 1400 1092; x_wconf 91' lang='lat' dir='ltr'>ducet</span> 
     </span>
     <span class='ocr_line' id='line_1_67' title="bbox 962 1109 1340 1159; baseline -0.003 -13"><span class='ocrx_word' id='word_1_220' title='bbox 962 1114 999 1146; x_wconf 90' lang='lat' dir='ltr'>te</span> <span class='ocrx_word' id='word_1_221' title='bbox 1020 1121 1098 1159; x_wconf 93' lang='lat' dir='ltr'>quo</span> <span class='ocrx_word' id='word_1_222' title='bbox 1119 1115 1160 1146; x_wconf 91' lang='lat' dir='ltr'>tu</span> <span class='ocrx_word' id='word_1_223' title='bbox 1179 1120 1260 1147; x_wconf 90' lang='lat' dir='ltr'>non</span> <span class='ocrx_word' id='word_1_224' title='bbox 1280 1109 1340 1146; x_wconf 90' lang='lat' dir='ltr'>bis</span> 
     </span>
     <span class='ocr_line' id='line_1_68' title="bbox 961 1162 1414 1212; baseline -0.004 -11"><span class='ocrx_word' id='word_1_225' title='bbox 961 1162 1072 1201; x_wconf 83' lang='lat' dir='ltr'>¹⁹hoc</span> <span class='ocrx_word' id='word_1_226' title='bbox 1092 1169 1222 1201; x_wconf 90' lang='lat' dir='ltr'>autem</span> <span class='ocrx_word' id='word_1_227' title='bbox 1242 1163 1335 1202; x_wconf 87' lang='lat' dir='ltr'>dixit</span> <span class='ocrx_word' id='word_1_228' title='bbox 1355 1162 1414 1212; x_wconf 89' lang='lat' dir='ltr'>sig</span> 
     </span>
    </p>
   </div>
   <div class='ocr_carea' id='block_1_6' title="bbox 962 1231 1349 1311">
    <p class='ocr_par' dir='ltr' id='par_1_41' title="bbox 962 1231 1349 1311">
     <span class='ocr_line' id='line_1_69' title="bbox 1067 1231 1088 1252; baseline 0 0"><span class='ocrx_word' id='word_1_229' title='bbox 1067 1231 1088 1252; x_wconf 89' lang='lat' dir='ltr'>n</span> 
     </span>
     <span class='ocr_line' id='line_1_70' title="bbox 962 1261 1349 1311; baseline -0.003 -12"><span class='ocrx_word' id='word_1_230' title='bbox 962 1261 1098 1299; x_wconf 88' lang='lat' dir='ltr'>nificas</span> <span class='ocrx_word' id='word_1_231' title='bbox 1117 1261 1207 1311; x_wconf 90' lang='lat' dir='ltr'>quia</span> <span class='ocrx_word' id='word_1_232' title='bbox 1226 1266 1349 1300; x_wconf 89' lang='lat' dir='ltr'>morte</span> 
     </span>
    </p>
   </div>
   <div class='ocr_carea' id='block_1_7' title="bbox 960 1315 1429 1691">
    <p class='ocr_par' dir='ltr' id='par_1_42' title="bbox 961 1315 1294 1353">
     <span class='ocr_line' id='line_1_71' title="bbox 961 1315 1294 1353; baseline -0.003 0"><span class='ocrx_word' id='word_1_233' title='bbox 961 1315 1233 1353; x_wconf 88' lang='lat' dir='ltr'>clarificaturus</span> <span class='ocrx_word' id='word_1_234' title='bbox 1253 1327 1294 1352; x_wconf 93' lang='lat' dir='ltr'>es</span> 
     </span>
    </p>

    <p class='ocr_par' dir='ltr' id='par_1_43' title="bbox 960 1368 1420 1516">
     <span class='ocr_line' id='line_1_72' title="bbox 961 1368 1389 1408; baseline -0.005 0"><span class='ocrx_word' id='word_1_235' title='bbox 961 1375 1018 1408; x_wconf 90' lang='lat' dir='ltr'>set</span> <span class='ocrx_word' id='word_1_236' title='bbox 1037 1368 1106 1406; x_wconf 79' lang='lat' dir='ltr'>dm</span> <span class='ocrx_word' id='word_1_237' title='bbox 1147 1376 1185 1407; x_wconf 92' lang='lat' dir='ltr'>et</span> <span class='ocrx_word' id='word_1_238' title='bbox 1205 1369 1279 1407; x_wconf 90' lang='lat' dir='ltr'>hoc</span> <span class='ocrx_word' id='word_1_239' title='bbox 1299 1381 1389 1407; x_wconf 89' lang='lat' dir='ltr'>cum</span> 
     </span>
     <span class='ocr_line' id='line_1_73' title="bbox 962 1424 1420 1474; baseline -0.002 -12"><span class='ocrx_word' id='word_1_240' title='bbox 962 1424 1122 1462; x_wconf 85' lang='lat' dir='ltr'>dixisset</span> <span class='ocrx_word' id='word_1_241' title='bbox 1142 1424 1193 1462; x_wconf 90' lang='lat' dir='ltr'>ait</span> <span class='ocrx_word' id='word_1_242' title='bbox 1212 1424 1283 1461; x_wconf 93' lang='lat' dir='ltr'>illis</span> <span class='ocrx_word' id='word_1_243' title='bbox 1303 1435 1420 1474; x_wconf 89' lang='lat' dir='ltr'>seque</span> 
     </span>
     <span class='ocr_line' id='line_1_74' title="bbox 960 1490 1083 1516; baseline 0.008 -2"><span class='ocrx_word' id='word_1_244' title='bbox 960 1490 1000 1515; x_wconf 92' lang='lat' dir='ltr'>re</span> <span class='ocrx_word' id='word_1_245' title='bbox 1020 1490 1083 1516; x_wconf 92' lang='lat' dir='ltr'>me</span> 
     </span>
    </p>

    <p class='ocr_par' dir='ltr' id='par_1_44' title="bbox 960 1532 1429 1691">
     <span class='ocr_line' id='line_1_75' title="bbox 960 1532 1429 1582; baseline 0.002 -12"><span class='ocrx_word' id='word_1_246' title='bbox 960 1532 1046 1570; x_wconf 81' lang='lat' dir='ltr'>²⁰Et</span> <span class='ocrx_word' id='word_1_247' title='bbox 1066 1543 1278 1570; x_wconf 90' lang='lat' dir='ltr'>conuersus</span> <span class='ocrx_word' id='word_1_248' title='bbox 1298 1538 1429 1582; x_wconf 89' lang='lat' dir='ltr'>petrus</span> 
     </span>
     <span class='ocr_line' id='line_1_76' title="bbox 960 1586 1348 1636; baseline 0 -12"><span class='ocrx_word' id='word_1_249' title='bbox 960 1586 1054 1624; x_wconf 90' lang='lat' dir='ltr'>uidit</span> <span class='ocrx_word' id='word_1_250' title='bbox 1073 1586 1180 1624; x_wconf 89' lang='lat' dir='ltr'>illum</span> <span class='ocrx_word' id='word_1_251' title='bbox 1200 1586 1348 1636; x_wconf 92' lang='lat' dir='ltr'>discipu</span> 
     </span>
     <span class='ocr_line' id='line_1_77' title="bbox 960 1640 1313 1691; baseline -0.003 -12"><span class='ocrx_word' id='word_1_252' title='bbox 960 1641 1042 1680; x_wconf 90' lang='lat' dir='ltr'>lum</span> <span class='ocrx_word' id='word_1_253' title='bbox 1061 1652 1178 1691; x_wconf 88' lang='lat' dir='ltr'>quern</span> <span class='ocrx_word' id='word_1_254' title='bbox 1198 1640 1313 1690; x_wconf 88' lang='lat' dir='ltr'>dilige</span> 
     </span>
    </p>
   </div>
   <div class='ocr_carea' id='block_1_8' title="bbox 959 1837 1462 3189">
    <p class='ocr_par' dir='ltr' id='par_1_45' title="bbox 959 1837 1462 3189">
     <span class='ocr_line' id='line_1_78' title="bbox 962 1837 1443 1888; baseline -0.004 -12"><span class='ocrx_word' id='word_1_255' title='bbox 962 1837 1035 1876; x_wconf 89' lang='lat' dir='ltr'>Bat</span> <span class='ocrx_word' id='word_1_256' title='bbox 1054 1838 1113 1877; x_wconf 80' lang='lat' dir='ltr'>ihs</span> <span class='ocrx_word' id='word_1_257' title='bbox 1132 1844 1170 1876; x_wconf 89' lang='lat' dir='ltr'>et</span> <span class='ocrx_word' id='word_1_258' title='bbox 1189 1838 1256 1888; x_wconf 88' lang='lat' dir='ltr'>qui</span> <span class='ocrx_word' id='word_1_259' title='bbox 1275 1837 1443 1876; x_wconf 89' lang='lat' dir='ltr'>recubue</span> 
     </span>
     <span class='ocr_line' id='line_1_79' title="bbox 960 1893 1370 1941; baseline -0.002 -11"><span class='ocrx_word' id='word_1_260' title='bbox 960 1899 1019 1931; x_wconf 92' lang='lat' dir='ltr'>rat</span> <span class='ocrx_word' id='word_1_261' title='bbox 1037 1893 1077 1930; x_wconf 91' lang='lat' dir='ltr'>in</span> <span class='ocrx_word' id='word_1_262' title='bbox 1095 1904 1235 1931; x_wconf 88' lang='lat' dir='ltr'>cenam</span> <span class='ocrx_word' id='word_1_263' title='bbox 1255 1903 1370 1941; x_wconf 92' lang='lat' dir='ltr'>super</span> 
     </span>
     <span class='ocr_line' id='line_1_80' title="bbox 963 1946 1364 1998; baseline -0.007 -12"><span class='ocrx_word' id='word_1_264' title='bbox 963 1954 1098 1998; x_wconf 87' lang='lat' dir='ltr'>pectus</span> <span class='ocrx_word' id='word_1_265' title='bbox 1118 1947 1199 1986; x_wconf 89' lang='lat' dir='ltr'>eius</span> <span class='ocrx_word' id='word_1_266' title='bbox 1219 1953 1256 1984; x_wconf 90' lang='lat' dir='ltr'>et</span> <span class='ocrx_word' id='word_1_267' title='bbox 1276 1946 1364 1984; x_wconf 88' lang='lat' dir='ltr'>dixe</span> 
     </span>
     <span class='ocr_line' id='line_1_81' title="bbox 961 2001 1417 2050; baseline -0.004 -11"><span class='ocrx_word' id='word_1_268' title='bbox 961 2008 1018 2040; x_wconf 89' lang='lat' dir='ltr'>rat</span> <span class='ocrx_word' id='word_1_269' title='bbox 1038 2001 1073 2039; x_wconf 92' lang='lat' dir='ltr'>ei</span> <span class='ocrx_word' id='word_1_270' title='bbox 1093 2022 1101 2031; x_wconf 90' lang='lat'><strong>·</strong></span> <span class='ocrx_word' id='word_1_271' title='bbox 1124 2002 1199 2040; x_wconf 78' lang='lat' dir='ltr'>dfie</span> <span class='ocrx_word' id='word_1_272' title='bbox 1255 2001 1341 2050; x_wconf 90' lang='lat' dir='ltr'>quis</span> <span class='ocrx_word' id='word_1_273' title='bbox 1360 2005 1417 2039; x_wconf 91' lang='lat' dir='ltr'>est</span> 
     </span>
     <span class='ocr_line' id='line_1_82' title="bbox 961 2055 1408 2106; baseline -0.002 -13"><span class='ocrx_word' id='word_1_274' title='bbox 961 2056 1028 2106; x_wconf 89' lang='lat' dir='ltr'>qui</span> <span class='ocrx_word' id='word_1_275' title='bbox 1048 2055 1171 2094; x_wconf 91' lang='lat' dir='ltr'>tradet</span> <span class='ocrx_word' id='word_1_276' title='bbox 1190 2062 1227 2093; x_wconf 90' lang='lat' dir='ltr'>te</span> <span class='ocrx_word' id='word_1_277' title='bbox 1270 2055 1408 2093; x_wconf 81' lang='lat' dir='ltr'>²¹hunc</span> 
     </span>
     <span class='ocr_line' id='line_1_83' title="bbox 961 2109 1343 2160; baseline -0.005 -12"><span class='ocrx_word' id='word_1_278' title='bbox 961 2122 1056 2160; x_wconf 90' lang='lat' dir='ltr'>ergo</span> <span class='ocrx_word' id='word_1_279' title='bbox 1075 2122 1164 2149; x_wconf 90' lang='lat' dir='ltr'>cum</span> <span class='ocrx_word' id='word_1_280' title='bbox 1183 2109 1343 2148; x_wconf 89' lang='lat' dir='ltr'>uidisset</span> 
     </span>
     <span class='ocr_line' id='line_1_84' title="bbox 961 2163 1371 2214; baseline -0.005 -12"><span class='ocrx_word' id='word_1_281' title='bbox 961 2171 1092 2214; x_wconf 90' lang='lat' dir='ltr'>petrus</span> <span class='ocrx_word' id='word_1_282' title='bbox 1112 2164 1202 2202; x_wconf 92' lang='lat' dir='ltr'>dicit</span> <span class='ocrx_word' id='word_1_283' title='bbox 1222 2164 1271 2202; x_wconf 88' lang='lat' dir='ltr'>ad</span> <span class='ocrx_word' id='word_1_284' title='bbox 1291 2163 1371 2201; x_wconf 77' lang='lat' dir='ltr'>ihm</span> 
     </span>
     <span class='ocr_line' id='line_1_85' title="bbox 964 2216 1397 2268; baseline -0.002 -12"><span class='ocrx_word' id='word_1_285' title='bbox 964 2219 1054 2256; x_wconf 75' lang='lat' dir='ltr'>dffie</span> <span class='ocrx_word' id='word_1_286' title='bbox 1074 2218 1135 2257; x_wconf 91' lang='lat' dir='ltr'>hic</span> <span class='ocrx_word' id='word_1_287' title='bbox 1155 2225 1284 2256; x_wconf 89' lang='lat' dir='ltr'>autern</span> <span class='ocrx_word' id='word_1_288' title='bbox 1304 2216 1397 2268; x_wconf 89' lang='lat' dir='ltr'>quid</span> 
     </span>
     <span class='ocr_line' id='line_1_86' title="bbox 961 2271 1462 2311; baseline 0 -1"><span class='ocrx_word' id='word_1_289' title='bbox 961 2272 1101 2311; x_wconf 77' lang='lat' dir='ltr'>²²Dicit</span> <span class='ocrx_word' id='word_1_290' title='bbox 1119 2273 1154 2311; x_wconf 91' lang='lat' dir='ltr'>ei</span> <span class='ocrx_word' id='word_1_291' title='bbox 1172 2273 1233 2311; x_wconf 83' lang='lat' dir='ltr'>ihs</span> <span class='ocrx_word' id='word_1_292' title='bbox 1253 2273 1284 2311; x_wconf 89' lang='lat' dir='ltr'>si</span> <span class='ocrx_word' id='word_1_293' title='bbox 1300 2273 1356 2311; x_wconf 92' lang='lat' dir='ltr'>sic</span> <span class='ocrx_word' id='word_1_294' title='bbox 1371 2271 1462 2310; x_wconf 94' lang='lat' dir='ltr'>uolo</span> 
     </span>
     <span class='ocr_line' id='line_1_87' title="bbox 1361 2323 1458 2378; baseline 0.01 -15"><span class='ocrx_word' id='word_1_295' title='bbox 1361 2323 1458 2378; x_wconf 70' lang='lat' dir='ltr'>[eu-</span> 
     </span>
     <span class='ocr_line' id='line_1_88' title="bbox 960 2380 1333 2419; baseline 0 -1"><span class='ocrx_word' id='word_1_296' title='bbox 960 2392 1119 2418; x_wconf 90' lang='lat' dir='ltr'>manere</span> <span class='ocrx_word' id='word_1_297' title='bbox 1140 2380 1265 2419; x_wconf 92' lang='lat' dir='ltr'>donec</span> <span class='ocrx_word' id='word_1_298' title='bbox 1284 2392 1333 2418; x_wconf 93' lang='lat' dir='ltr'>ue</span> 
     </span>
     <span class='ocr_line' id='line_1_89' title="bbox 961 2434 1409 2485; baseline -0.004 -12"><span class='ocrx_word' id='word_1_299' title='bbox 961 2436 1029 2474; x_wconf 90' lang='lat' dir='ltr'>nio</span> <span class='ocrx_word' id='word_1_300' title='bbox 1048 2434 1140 2485; x_wconf 92' lang='lat' dir='ltr'>quid</span> <span class='ocrx_word' id='word_1_301' title='bbox 1160 2435 1209 2473; x_wconf 92' lang='lat' dir='ltr'>ad</span> <span class='ocrx_word' id='word_1_302' title='bbox 1228 2441 1264 2472; x_wconf 93' lang='lat' dir='ltr'>te</span> <span class='ocrx_word' id='word_1_303' title='bbox 1285 2441 1326 2471; x_wconf 92' lang='lat' dir='ltr'>tu</span> <span class='ocrx_word' id='word_1_304' title='bbox 1345 2446 1409 2472; x_wconf 89' lang='lat' dir='ltr'>me</span> 
     </span>
     <span class='ocr_line' id='line_1_90' title="bbox 961 2501 1121 2539; baseline -0.006 -12"><span class='ocrx_word' id='word_1_305' title='bbox 961 2501 1121 2539; x_wconf 87' lang='lat' dir='ltr'>sequere</span> 
     </span>
     <span class='ocr_line' id='line_1_91' title="bbox 961 2542 1443 2593; baseline -0.002 -11"><span class='ocrx_word' id='word_1_306' title='bbox 961 2543 1100 2582; x_wconf 78' lang='lat' dir='ltr'>²8Exiit</span> <span class='ocrx_word' id='word_1_307' title='bbox 1120 2554 1213 2593; x_wconf 91' lang='lat' dir='ltr'>ergo</span> <span class='ocrx_word' id='word_1_308' title='bbox 1232 2542 1293 2581; x_wconf 90' lang='lat' dir='ltr'>hic</span> <span class='ocrx_word' id='word_1_309' title='bbox 1314 2554 1443 2581; x_wconf 91' lang='lat' dir='ltr'>sermo</span> 
     </span>
     <span class='ocr_line' id='line_1_92' title="bbox 961 2595 1400 2648; baseline -0.002 -12"><span class='ocrx_word' id='word_1_310' title='bbox 961 2604 1056 2648; x_wconf 89' lang='lat' dir='ltr'>aput</span> <span class='ocrx_word' id='word_1_311' title='bbox 1076 2597 1210 2635; x_wconf 88' lang='lat' dir='ltr'>fratres</span> <span class='ocrx_word' id='word_1_312' title='bbox 1229 2597 1321 2648; x_wconf 90' lang='lat' dir='ltr'>quia</span> <span class='ocrx_word' id='word_1_313' title='bbox 1340 2595 1400 2635; x_wconf 92' lang='lat' dir='ltr'>dis</span> 
     </span>
     <span class='ocr_line' id='line_1_93' title="bbox 961 2651 1376 2702; baseline -0.005 -12"><span class='ocrx_word' id='word_1_314' title='bbox 961 2651 1110 2702; x_wconf 92' lang='lat' dir='ltr'>cipulus</span> <span class='ocrx_word' id='word_1_315' title='bbox 1130 2652 1191 2690; x_wconf 90' lang='lat' dir='ltr'>ille</span> <span class='ocrx_word' id='word_1_316' title='bbox 1211 2663 1290 2689; x_wconf 87' lang='lat' dir='ltr'>non</span> <span class='ocrx_word' id='word_1_317' title='bbox 1309 2662 1376 2689; x_wconf 90' lang='lat' dir='ltr'>mo</span> 
     </span>
     <span class='ocr_line' id='line_1_94' title="bbox 961 2705 1415 2745; baseline -0.004 -1"><span class='ocrx_word' id='word_1_318' title='bbox 961 2707 1054 2745; x_wconf 89' lang='lat' dir='ltr'>ritur</span> <span class='ocrx_word' id='word_1_319' title='bbox 1091 2713 1128 2744; x_wconf 95' lang='lat' dir='ltr'>et</span> <span class='ocrx_word' id='word_1_320' title='bbox 1148 2718 1229 2744; x_wconf 88' lang='lat' dir='ltr'>non</span> <span class='ocrx_word' id='word_1_321' title='bbox 1249 2706 1344 2744; x_wconf 88' lang='lat' dir='ltr'>dixit</span> <span class='ocrx_word' id='word_1_322' title='bbox 1363 2705 1415 2743; x_wconf 91' lang='lat' dir='ltr'>illi</span> 
     </span>
     <span class='ocr_line' id='line_1_95' title="bbox 962 2760 1432 2811; baseline -0.006 -12"><span class='ocrx_word' id='word_1_323' title='bbox 962 2761 1021 2799; x_wconf 85' lang='lat' dir='ltr'>ihs</span> <span class='ocrx_word' id='word_1_324' title='bbox 1040 2761 1129 2811; x_wconf 90' lang='lat' dir='ltr'>quia</span> <span class='ocrx_word' id='word_1_325' title='bbox 1148 2772 1229 2799; x_wconf 90' lang='lat' dir='ltr'>non</span> <span class='ocrx_word' id='word_1_326' title='bbox 1248 2760 1432 2798; x_wconf 88' lang='lat' dir='ltr'>morietur</span> 
     </span>
     <span class='ocr_line' id='line_1_96' title="bbox 962 2815 1428 2854; baseline -0.006 0"><span class='ocrx_word' id='word_1_327' title='bbox 962 2815 1031 2854; x_wconf 90' lang='lat' dir='ltr'>sed</span> <span class='ocrx_word' id='word_1_328' title='bbox 1051 2815 1143 2853; x_wconf 93' lang='lat' dir='ltr'>uolo</span> <span class='ocrx_word' id='word_1_329' title='bbox 1162 2826 1318 2852; x_wconf 89' lang='lat' dir='ltr'>manere</span> <span class='ocrx_word' id='word_1_330' title='bbox 1338 2826 1428 2852; x_wconf 90' lang='lat' dir='ltr'>eum</span> 
     </span>
     <span class='ocr_line' id='line_1_97' title="bbox 961 2868 1338 2919; baseline -0.003 -12"><span class='ocrx_word' id='word_1_331' title='bbox 961 2869 1089 2908; x_wconf 87' lang='lat' dir='ltr'>donec</span> <span class='ocrx_word' id='word_1_332' title='bbox 1108 2870 1224 2907; x_wconf 90' lang='lat' dir='ltr'>uenio</span> <span class='ocrx_word' id='word_1_333' title='bbox 1244 2868 1338 2919; x_wconf 91' lang='lat' dir='ltr'>quid</span> 
     </span>
     <span class='ocr_line' id='line_1_98' title="bbox 960 2924 1066 2961; baseline -0.009 0"><span class='ocrx_word' id='word_1_334' title='bbox 960 2924 1007 2961; x_wconf 89' lang='lat' dir='ltr'>ad</span> <span class='ocrx_word' id='word_1_335' title='bbox 1030 2930 1066 2961; x_wconf 91' lang='lat' dir='ltr'>te</span> 
     </span>
     <span class='ocr_line' id='line_1_99' title="bbox 959 2976 1461 3027; baseline 0 -13"><span class='ocrx_word' id='word_1_336' title='bbox 959 2977 989 2998; x_wconf 82' lang='lat'>²⁴</span> <span class='ocrx_word' id='word_1_337' title='bbox 997 2976 1074 3016; x_wconf 91' lang='lat' dir='ltr'>Hic</span> <span class='ocrx_word' id='word_1_338' title='bbox 1093 2983 1151 3015; x_wconf 90' lang='lat' dir='ltr'>est</span> <span class='ocrx_word' id='word_1_339' title='bbox 1171 2976 1380 3027; x_wconf 89' lang='lat' dir='ltr'>discipulus</span> <span class='ocrx_word' id='word_1_340' title='bbox 1394 2976 1461 3027; x_wconf 91' lang='lat' dir='ltr'>qui</span> 
     </span>
     <span class='ocr_line' id='line_1_100' title="bbox 961 3030 1353 3080; baseline -0.003 -12"><span class='ocrx_word' id='word_1_341' title='bbox 961 3031 1225 3069; x_wconf 90' lang='lat' dir='ltr'>testimonium</span> <span class='ocrx_word' id='word_1_342' title='bbox 1245 3030 1353 3080; x_wconf 85' lang='lat' dir='ltr'>perhi</span> 
     </span>
     <span class='ocr_line' id='line_1_101' title="bbox 962 3084 1459 3134; baseline -0.002 -12"><span class='ocrx_word' id='word_1_343' title='bbox 962 3085 1027 3122; x_wconf 88' lang='lat' dir='ltr'>bet</span> <span class='ocrx_word' id='word_1_344' title='bbox 1048 3085 1095 3123; x_wconf 91' lang='lat' dir='ltr'>de</span> <span class='ocrx_word' id='word_1_345' title='bbox 1115 3096 1178 3121; x_wconf 90' lang='lat' dir='ltr'>me</span> <span class='ocrx_word' id='word_1_346' title='bbox 1199 3084 1246 3121; x_wconf 94' lang='lat' dir='ltr'>de</span> <span class='ocrx_word' id='word_1_347' title='bbox 1266 3084 1325 3122; x_wconf 91' lang='lat' dir='ltr'>his</span> <span class='ocrx_word' id='word_1_348' title='bbox 1340 3091 1377 3121; x_wconf 91' lang='lat' dir='ltr'>et</span> <span class='ocrx_word' id='word_1_349' title='bbox 1393 3084 1459 3134; x_wconf 91' lang='lat' dir='ltr'>qui</span> 
     </span>
     <span class='ocr_line' id='line_1_102' title="bbox 962 3138 1441 3189; baseline -0.006 -11"><span class='ocrx_word' id='word_1_350' title='bbox 962 3138 1110 3189; x_wconf 88' lang='lat' dir='ltr'>scripsit</span> <span class='ocrx_word' id='word_1_351' title='bbox 1129 3138 1224 3176; x_wconf 90' lang='lat' dir='ltr'>haec</span> <span class='ocrx_word' id='word_1_352' title='bbox 1244 3144 1281 3176; x_wconf 92' lang='lat' dir='ltr'>et</span> <span class='ocrx_word' id='word_1_353' title='bbox 1301 3138 1441 3176; x_wconf 83' lang='lat' dir='ltr'>scimus</span> 
     </span>
    </p>
   </div>
   <div class='ocr_carea' id='block_1_9' title="bbox 1901 219 2239 260">
    <p class='ocr_par' dir='ltr' id='par_1_46' title="bbox 1901 219 2239 260">
     <span class='ocr_line' id='line_1_103' title="bbox 1901 219 2239 260; baseline 0.006 -2"><span class='ocrx_word' id='word_1_354' title='bbox 1901 219 1930 258; x_wconf 92' lang='lat' dir='ltr'><em>I</em></span> <span class='ocrx_word' id='word_1_355' title='bbox 1928 219 2044 259; x_wconf 86' lang='lat' dir='ltr'>OHA</span> <span class='ocrx_word' id='word_1_356' title='bbox 2050 219 2239 260; x_wconf 85' lang='lat' dir='ltr'><em>NNEM</em></span> 
     </span>
    </p>
   </div>
   <div class='ocr_carea' id='block_1_10' title="bbox 1533 307 1945 398">
    <p class='ocr_par' dir='ltr' id='par_1_47' title="bbox 1533 307 1945 398">
     <span class='ocr_line' id='line_1_104' title="bbox 1533 307 1691 341; baseline 0.006 -4"><span class='ocrx_word' id='word_1_357' title='bbox 1533 307 1615 338; x_wconf 79' lang='lat' dir='ltr'>Fol.</span> <span class='ocrx_word' id='word_1_358' title='bbox 1632 308 1691 341; x_wconf 83' lang='lat'>87.</span> 
     </span>
     <span class='ocr_line' id='line_1_105' title="bbox 1533 351 1945 398; baseline 0.005 -10"><span class='ocrx_word' id='word_1_359' title='bbox 1533 351 1637 398; x_wconf 85' lang='lat' dir='ltr'>Quia</span> <span class='ocrx_word' id='word_1_360' title='bbox 1655 362 1790 388; x_wconf 90' lang='lat' dir='ltr'>uerum</span> <span class='ocrx_word' id='word_1_361' title='bbox 1810 357 1867 389; x_wconf 90' lang='lat' dir='ltr'>est</span> <span class='ocrx_word' id='word_1_362' title='bbox 1887 358 1945 390; x_wconf 90' lang='lat' dir='ltr'>tes</span> 
     </span>
    </p>
   </div>
   <div class='ocr_carea' id='block_1_11' title="bbox 1530 405 2000 822">
    <p class='ocr_par' dir='ltr' id='par_1_48' title="bbox 1532 405 1838 443">
     <span class='ocr_line' id='line_1_106' title="bbox 1532 405 1838 443; baseline 0 -1"><span class='ocrx_word' id='word_1_363' title='bbox 1532 405 1737 442; x_wconf 89' lang='lat' dir='ltr'>timonium</span> <span class='ocrx_word' id='word_1_364' title='bbox 1757 405 1838 443; x_wconf 89' lang='lat' dir='ltr'>eius</span> 
     </span>
    </p>

    <p class='ocr_par' dir='ltr' id='par_1_49' title="bbox 1532 459 2000 617">
     <span class='ocr_line' id='line_1_107' title="bbox 1537 459 2000 498; baseline 0.002 -1"><span class='ocrx_word' id='word_1_365' title='bbox 1537 459 1616 497; x_wconf 79' lang='lat' dir='ltr'>²⁶Et</span> <span class='ocrx_word' id='word_1_366' title='bbox 1637 459 1709 496; x_wconf 90' lang='lat' dir='ltr'>alia</span> <span class='ocrx_word' id='word_1_367' title='bbox 1729 466 1860 497; x_wconf 86' lang='lat' dir='ltr'>autem</span> <span class='ocrx_word' id='word_1_368' title='bbox 1879 460 2000 498; x_wconf 90' lang='lat' dir='ltr'>multa</span> 
     </span>
     <span class='ocr_line' id='line_1_108' title="bbox 1532 512 1962 563; baseline 0.005 -13"><span class='ocrx_word' id='word_1_369' title='bbox 1532 512 1619 551; x_wconf 89' lang='lat' dir='ltr'>fecit</span> <span class='ocrx_word' id='word_1_370' title='bbox 1639 513 1698 555; x_wconf 79' lang='lat' dir='ltr'>ihs</span> <span class='ocrx_word' id='word_1_371' title='bbox 1719 525 1817 563; x_wconf 92' lang='lat' dir='ltr'>quae</span> <span class='ocrx_word' id='word_1_372' title='bbox 1837 514 1868 551; x_wconf 92' lang='lat' dir='ltr'>si</span> <span class='ocrx_word' id='word_1_373' title='bbox 1888 515 1962 552; x_wconf 92' lang='lat' dir='ltr'>scri</span> 
     </span>
     <span class='ocr_line' id='line_1_109' title="bbox 1534 568 1933 617; baseline 0 -12"><span class='ocrx_word' id='word_1_374' title='bbox 1534 569 1713 605; x_wconf 88' lang='lat' dir='ltr'>berentur</span> <span class='ocrx_word' id='word_1_375' title='bbox 1732 580 1801 617; x_wconf 90' lang='lat' dir='ltr'>per</span> <span class='ocrx_word' id='word_1_376' title='bbox 1820 568 1933 617; x_wconf 87' lang='lat' dir='ltr'>singu</span> 
     </span>
    </p>

    <p class='ocr_par' dir='ltr' id='par_1_50' title="bbox 1530 621 1990 822">
     <span class='ocr_line' id='line_1_110' title="bbox 1531 621 1990 671; baseline 0.002 -12"><span class='ocrx_word' id='word_1_377' title='bbox 1531 621 1567 659; x_wconf 87' lang='lat' dir='ltr'>la</span> <span class='ocrx_word' id='word_1_378' title='bbox 1586 633 1657 659; x_wconf 91' lang='lat' dir='ltr'>nec</span> <span class='ocrx_word' id='word_1_379' title='bbox 1678 623 1806 671; x_wconf 90' lang='lat' dir='ltr'>ipsum</span> <span class='ocrx_word' id='word_1_380' title='bbox 1825 623 1990 660; x_wconf 86' lang='lat' dir='ltr'>arbitror</span> 
     </span>
     <span class='ocr_line' id='line_1_111' title="bbox 1531 676 1967 726; baseline 0.005 -13"><span class='ocrx_word' id='word_1_381' title='bbox 1531 676 1721 713; x_wconf 91' lang='lat' dir='ltr'>mundum</span> <span class='ocrx_word' id='word_1_382' title='bbox 1740 688 1878 726; x_wconf 91' lang='lat' dir='ltr'>capere</span> <span class='ocrx_word' id='word_1_383' title='bbox 1898 688 1967 715; x_wconf 93' lang='lat' dir='ltr'>eos</span> 
     </span>
     <span class='ocr_line' id='line_1_112' title="bbox 1530 730 1947 781; baseline 0.005 -14"><span class='ocrx_word' id='word_1_384' title='bbox 1530 730 1646 768; x_wconf 90' lang='lat' dir='ltr'>libros</span> <span class='ocrx_word' id='word_1_385' title='bbox 1665 731 1732 781; x_wconf 91' lang='lat' dir='ltr'>qui</span> <span class='ocrx_word' id='word_1_386' title='bbox 1752 731 1947 769; x_wconf 89' lang='lat' dir='ltr'>scriberen</span> 
     </span>
     <span class='ocr_line' id='line_1_113' title="bbox 1531 791 1591 822; baseline 0 0"><span class='ocrx_word' id='word_1_387' title='bbox 1531 791 1591 822; x_wconf 90' lang='lat' dir='ltr'>tur</span> 
     </span>
    </p>
   </div>
   <div class='ocr_carea' id='block_1_12' title="bbox 1558 891 2003 1040">
    <p class='ocr_par' dir='ltr' id='par_1_51' title="bbox 1558 891 2003 1040">
     <span class='ocr_line' id='line_1_114' title="bbox 1602 891 1958 931; baseline 0 -1"><span class='ocrx_word' id='word_1_388' title='bbox 1602 891 1958 931; x_wconf 85' lang='lat' dir='ltr'>EUANGELIU-</span> 
     </span>
     <span class='ocr_line' id='line_1_115' title="bbox 1558 999 2003 1040; baseline 0.002 -1"><span class='ocrx_word' id='word_1_389' title='bbox 1558 999 1594 1039; x_wconf 85' lang='lat' dir='ltr'><em>S</em></span> <span class='ocrx_word' id='word_1_390' title='bbox 1592 999 1636 1037; x_wconf 88' lang='lat' dir='ltr'><em>E</em></span> <span class='ocrx_word' id='word_1_391' title='bbox 1636 1000 1671 1039; x_wconf 94' lang='lat' dir='ltr'><em>C</em></span> <span class='ocrx_word' id='word_1_392' title='bbox 1688 1000 1721 1038; x_wconf 94' lang='lat' dir='ltr'><em>I</em></span> <span class='ocrx_word' id='word_1_393' title='bbox 1719 1000 1833 1039; x_wconf 84' lang='lat' dir='ltr'>OHA</span> <span class='ocrx_word' id='word_1_394' title='bbox 1840 1000 2003 1040; x_wconf 74' lang='lat' dir='ltr'><em>NNE-</em></span> 
     </span>
    </p>
   </div>
   <div class='ocr_carea' id='block_1_13' title="bbox 1584 1106 1965 1162">
    <p class='ocr_par' dir='ltr' id='par_1_52' title="bbox 1584 1106 1965 1162">
     <span class='ocr_line' id='line_1_116' title="bbox 1584 1106 1965 1162; baseline 0.003 -15"><span class='ocrx_word' id='word_1_395' title='bbox 1584 1108 1755 1160; x_wconf 79' lang='lat' dir='ltr'><strong>EXPL(</strong></span> <span class='ocrx_word' id='word_1_396' title='bbox 1841 1106 1965 1162; x_wconf 77' lang='lat' dir='ltr'>INC(</span> 
     </span>
    </p>
   </div>
   <div class='ocr_carea' id='block_1_14' title="bbox 1574 1216 1994 1581">
    <p class='ocr_par' dir='ltr' id='par_1_53' title="bbox 1574 1216 1994 1485">
     <span class='ocr_line' id='line_1_117' title="bbox 1574 1216 1994 1256; baseline 0 -1"><span class='ocrx_word' id='word_1_397' title='bbox 1574 1216 1994 1256; x_wconf 79' lang='lat' dir='ltr'><strong><em>EUANGELIUM</em></strong></span> 
     </span>
     <span class='ocr_line' id='line_1_118' title="bbox 1626 1324 1933 1364; baseline 0.003 -1"><span class='ocrx_word' id='word_1_398' title='bbox 1626 1324 1933 1364; x_wconf 81' lang='lat' dir='ltr'><strong>SECUNDUM</strong></span> 
     </span>
     <span class='ocr_line' id='line_1_119' title="bbox 1615 1433 1939 1485; baseline 0 -13"><span class='ocrx_word' id='word_1_399' title='bbox 1615 1433 1939 1485; x_wconf 80' lang='lat' dir='ltr'><em>LUCANUM&lt;</em></span> 
     </span>
    </p>

    <p class='ocr_par' dir='ltr' id='par_1_54' title="bbox 1693 1541 1877 1581">
     <span class='ocr_line' id='line_1_120' title="bbox 1693 1541 1877 1581; baseline -0.005 0"><span class='ocrx_word' id='word_1_400' title='bbox 1693 1541 1877 1581; x_wconf 89' lang='lat' dir='ltr'><strong>AMEN</strong></span> 
     </span>
    </p>
   </div>
   <div class='ocr_carea' id='block_1_15' title="bbox 1567 1663 1989 1745">
    <p class='ocr_par' dir='ltr' id='par_1_55' title="bbox 1567 1663 1989 1745">
     <span class='ocr_line' id='line_1_121' title="bbox 1567 1663 1989 1691; baseline 0.005 -2"><span class='ocrx_word' id='word_1_401' title='bbox 1567 1663 1762 1690; x_wconf 85' lang='lat' dir='ltr'>CAPITULA</span> <span class='ocrx_word' id='word_1_402' title='bbox 1789 1663 1989 1691; x_wconf 82' lang='lat' dir='ltr'>EUANGELI</span> 
     </span>
     <span class='ocr_line' id='line_1_122' title="bbox 1711 1718 1854 1745; baseline 0 -1"><span class='ocrx_word' id='word_1_403' title='bbox 1711 1718 1854 1745; x_wconf 84' lang='lat' dir='ltr'><strong>LUCANI</strong></span> 
     </span>
    </p>
   </div>
   <div class='ocr_carea' id='block_1_16' title="bbox 1528 1835 2012 3135">
    <p class='ocr_par' dir='ltr' id='par_1_56' title="bbox 1531 1835 1917 1875">
     <span class='ocr_line' id='line_1_123' title="bbox 1531 1835 1917 1875; baseline 0.005 -2"><span class='ocrx_word' id='word_1_404' title='bbox 1531 1845 1550 1873; x_wconf 87' lang='lat' dir='ltr'><strong><em>I</em></strong></span> <span class='ocrx_word' id='word_1_405' title='bbox 1569 1835 1751 1874; x_wconf 85' lang='lat' dir='ltr'>Zaccarie</span> <span class='ocrx_word' id='word_1_406' title='bbox 1767 1837 1917 1875; x_wconf 86' lang='lat' dir='ltr'>sacerdo</span> 
     </span>
    </p>

    <p class='ocr_par' dir='ltr' id='par_1_57' title="bbox 1530 1891 1931 1942">
     <span class='ocr_line' id='line_1_124' title="bbox 1530 1891 1931 1942; baseline 0.005 -14"><span class='ocrx_word' id='word_1_407' title='bbox 1530 1891 1558 1928; x_wconf 87' lang='lat' dir='ltr'>ti</span> <span class='ocrx_word' id='word_1_408' title='bbox 1578 1891 1753 1941; x_wconf 89' lang='lat' dir='ltr'>apparuit</span> <span class='ocrx_word' id='word_1_409' title='bbox 1772 1892 1931 1942; x_wconf 89' lang='lat' dir='ltr'>angelus</span> 
     </span>
    </p>

    <p class='ocr_par' dir='ltr' id='par_1_58' title="bbox 1530 1945 1951 2200">
     <span class='ocr_line' id='line_1_125' title="bbox 1531 1945 1931 1984; baseline 0.003 -2"><span class='ocrx_word' id='word_1_410' title='bbox 1531 1950 1569 1982; x_wconf 94' lang='lat' dir='ltr'>et</span> <span class='ocrx_word' id='word_1_411' title='bbox 1588 1945 1831 1983; x_wconf 88' lang='lat' dir='ltr'>adnuntiauit</span> <span class='ocrx_word' id='word_1_412' title='bbox 1850 1946 1885 1984; x_wconf 93' lang='lat' dir='ltr'>ei</span> <span class='ocrx_word' id='word_1_413' title='bbox 1906 1946 1931 1983; x_wconf 87' lang='lat' dir='ltr'>fi</span> 
     </span>
     <span class='ocr_line' id='line_1_126' title="bbox 1530 1999 1909 2038; baseline 0.003 -2"><span class='ocrx_word' id='word_1_414' title='bbox 1530 1999 1622 2037; x_wconf 88' lang='lat' dir='ltr'>lium</span> <span class='ocrx_word' id='word_1_415' title='bbox 1642 1999 1851 2038; x_wconf 91' lang='lat' dir='ltr'>iohannem</span> <span class='ocrx_word' id='word_1_416' title='bbox 1871 2006 1909 2038; x_wconf 94' lang='lat' dir='ltr'>et</span> 
     </span>
     <span class='ocr_line' id='line_1_127' title="bbox 1531 2053 1951 2092; baseline 0 -1"><span class='ocrx_word' id='word_1_417' title='bbox 1531 2053 1633 2091; x_wconf 89' lang='lat' dir='ltr'>idem</span> <span class='ocrx_word' id='word_1_418' title='bbox 1653 2054 1796 2091; x_wconf 87' lang='lat' dir='ltr'>mariae</span> <span class='ocrx_word' id='word_1_419' title='bbox 1817 2054 1951 2092; x_wconf 73' lang='lat' dir='ltr'>adnu-</span> 
     </span>
     <span class='ocr_line' id='line_1_128' title="bbox 1531 2108 1944 2158; baseline 0.002 -13"><span class='ocrx_word' id='word_1_420' title='bbox 1531 2108 1637 2146; x_wconf 88' lang='lat' dir='ltr'>tiauit</span> <span class='ocrx_word' id='word_1_421' title='bbox 1656 2108 1816 2158; x_wconf 87' lang='lat' dir='ltr'>angelus</span> <span class='ocrx_word' id='word_1_422' title='bbox 1836 2108 1944 2146; x_wconf 82' lang='lat' dir='ltr'>filiu-</span> 
     </span>
     <span class='ocr_line' id='line_1_129' title="bbox 1531 2162 1611 2200; baseline 0 -1"><span class='ocrx_word' id='word_1_423' title='bbox 1531 2162 1611 2200; x_wconf 81' lang='lat' dir='ltr'>ihm</span> 
     </span>
    </p>

    <p class='ocr_par' dir='ltr' id='par_1_59' title="bbox 1530 2216 1993 2363">
     <span class='ocr_line' id='line_1_130' title="bbox 1530 2216 1993 2255; baseline 0.002 -2"><span class='ocrx_word' id='word_1_424' title='bbox 1530 2226 1569 2253; x_wconf 94' lang='lat' dir='ltr'>II</span> <span class='ocrx_word' id='word_1_425' title='bbox 1588 2216 1835 2255; x_wconf 78' lang='lat' dir='ltr'>Natz&#39;uz‘talem</span> <span class='ocrx_word' id='word_1_426' title='bbox 1855 2216 1920 2254; x_wconf 69' lang='lat' dir='ltr'>ihu</span> <span class='ocrx_word' id='word_1_427' title='bbox 1939 2217 1993 2254; x_wconf 88' lang='lat' dir='ltr'>ad</span> 
     </span>
     <span class='ocr_line' id='line_1_131' title="bbox 1531 2271 1950 2321; baseline 0.005 -14"><span class='ocrx_word' id='word_1_428' title='bbox 1531 2271 1680 2308; x_wconf 89' lang='lat' dir='ltr'>nuntiat</span> <span class='ocrx_word' id='word_1_429' title='bbox 1700 2271 1861 2321; x_wconf 88' lang='lat' dir='ltr'>angelus</span> <span class='ocrx_word' id='word_1_430' title='bbox 1879 2283 1950 2321; x_wconf 90' lang='lat' dir='ltr'>pas</span> 
     </span>
     <span class='ocr_line' id='line_1_132' title="bbox 1530 2325 1678 2363; baseline 0.007 -1"><span class='ocrx_word' id='word_1_431' title='bbox 1530 2325 1678 2363; x_wconf 90' lang='lat' dir='ltr'>toribus</span> 
     </span>
    </p>

    <p class='ocr_par' dir='ltr' id='par_1_60' title="bbox 1529 2378 1969 2590">
     <span class='ocr_line' id='line_1_133' title="bbox 1531 2378 1967 2428; baseline 0.002 -13"><span class='ocrx_word' id='word_1_432' title='bbox 1531 2388 1588 2415; x_wconf 88' lang='lat' dir='ltr'>III</span> <span class='ocrx_word' id='word_1_433' title='bbox 1603 2378 1663 2417; x_wconf 81' lang='lat' dir='ltr'>Et</span> <span class='ocrx_word' id='word_1_434' title='bbox 1677 2379 1818 2428; x_wconf 66' lang='lat' dir='ltr'>adcqpit</span> <span class='ocrx_word' id='word_1_435' title='bbox 1833 2380 1967 2417; x_wconf 79' lang='lat' dir='ltr'>simeon</span> 
     </span>
     <span class='ocr_line' id='line_1_134' title="bbox 1531 2433 1969 2481; baseline 0 -11"><span class='ocrx_word' id='word_1_436' title='bbox 1531 2444 1694 2481; x_wconf 90' lang='lat' dir='ltr'>puerum</span> <span class='ocrx_word' id='word_1_437' title='bbox 1714 2433 1794 2470; x_wconf 84' lang='lat' dir='ltr'>ihm</span> <span class='ocrx_word' id='word_1_438' title='bbox 1813 2439 1851 2470; x_wconf 92' lang='lat' dir='ltr'>et</span> <span class='ocrx_word' id='word_1_439' title='bbox 1871 2434 1969 2471; x_wconf 93' lang='lat' dir='ltr'>bene</span> 
     </span>
     <span class='ocr_line' id='line_1_135' title="bbox 1529 2486 1958 2525; baseline 0.005 -2"><span class='ocrx_word' id='word_1_440' title='bbox 1529 2486 1624 2525; x_wconf 87' lang='lat' dir='ltr'>dixit</span> <span class='ocrx_word' id='word_1_441' title='bbox 1642 2487 1710 2524; x_wconf 79' lang='lat' dir='ltr'>dm</span> <span class='ocrx_word' id='word_1_442' title='bbox 1730 2493 1768 2525; x_wconf 94' lang='lat' dir='ltr'>et</span> <span class='ocrx_word' id='word_1_443' title='bbox 1787 2486 1835 2524; x_wconf 94' lang='lat' dir='ltr'>de</span> <span class='ocrx_word' id='word_1_444' title='bbox 1855 2498 1958 2525; x_wconf 88' lang='lat' dir='ltr'>anna</span> 
     </span>
     <span class='ocr_line' id='line_1_136' title="bbox 1529 2540 1730 2590; baseline 0.01 -13"><span class='ocrx_word' id='word_1_445' title='bbox 1529 2540 1730 2590; x_wconf 87' lang='lat' dir='ltr'>profetissa</span> 
     </span>
    </p>

    <p class='ocr_par' dir='ltr' id='par_1_61' title="bbox 1529 2594 2012 2743">
     <span class='ocr_line' id='line_1_137' title="bbox 1529 2594 2012 2634; baseline 0.004 -2"><span class='ocrx_word' id='word_1_446' title='bbox 1529 2605 1613 2632; x_wconf 80' lang='lat' dir='ltr'><strong><em>IIII·</em></strong></span> <span class='ocrx_word' id='word_1_447' title='bbox 1633 2595 1834 2633; x_wconf 82' lang='lat' dir='ltr'><em>Annorum</em></span> <span class='ocrx_word' id='word_1_448' title='bbox 1858 2605 1931 2632; x_wconf 84' lang='lat' dir='ltr'><strong><em>XII·</em></strong></span> <span class='ocrx_word' id='word_1_449' title='bbox 1952 2594 2012 2634; x_wconf 67' lang='lat' dir='ltr'>ifzs</span> 
     </span>
     <span class='ocr_line' id='line_1_138' title="bbox 1529 2649 1921 2700; baseline 0.003 -13"><span class='ocrx_word' id='word_1_450' title='bbox 1529 2650 1569 2687; x_wconf 90' lang='lat' dir='ltr'>in</span> <span class='ocrx_word' id='word_1_451' title='bbox 1588 2650 1735 2700; x_wconf 90' lang='lat' dir='ltr'>templo</span> <span class='ocrx_word' id='word_1_452' title='bbox 1754 2649 1921 2689; x_wconf 91' lang='lat' dir='ltr'>docebat</span> 
     </span>
     <span class='ocr_line' id='line_1_139' title="bbox 1529 2705 1699 2743; baseline 0 -1"><span class='ocrx_word' id='word_1_453' title='bbox 1529 2705 1699 2743; x_wconf 89' lang='lat' dir='ltr'>seniores</span> 
     </span>
    </p>

    <p class='ocr_par' dir='ltr' id='par_1_62' title="bbox 1528 2759 2011 3015">
     <span class='ocr_line' id='line_1_140' title="bbox 1533 2759 1949 2809; baseline 0 -12"><span class='ocrx_word' id='word_1_454' title='bbox 1533 2761 1570 2805; x_wconf 74' lang='grc' dir='ltr'>υ(</span> <span class='ocrx_word' id='word_1_455' title='bbox 1596 2759 1672 2797; x_wconf 70' lang='lat' dir='ltr'>Ubi</span> <span class='ocrx_word' id='word_1_456' title='bbox 1686 2759 1860 2796; x_wconf 80' lang='lat' dir='ltr'>iohannes</span> <span class='ocrx_word' id='word_1_457' title='bbox 1878 2759 1949 2809; x_wconf 83' lang='lat' dir='ltr'>bap</span> 
     </span>
     <span class='ocr_line' id='line_1_141' title="bbox 1529 2813 1921 2863; baseline 0 -13"><span class='ocrx_word' id='word_1_458' title='bbox 1529 2813 1617 2851; x_wconf 88' lang='lat' dir='ltr'>tizat</span> <span class='ocrx_word' id='word_1_459' title='bbox 1636 2813 1824 2863; x_wconf 92' lang='lat' dir='ltr'>populum</span> <span class='ocrx_word' id='word_1_460' title='bbox 1844 2814 1921 2863; x_wconf 93' lang='lat' dir='ltr'>bap</span> 
     </span>
     <span class='ocr_line' id='line_1_142' title="bbox 1528 2867 1938 2917; baseline 0.002 -13"><span class='ocrx_word' id='word_1_461' title='bbox 1528 2868 1686 2905; x_wconf 89' lang='lat' dir='ltr'>tismum</span> <span class='ocrx_word' id='word_1_462' title='bbox 1705 2867 1938 2917; x_wconf 90' lang='lat' dir='ltr'>penitentiae</span> 
     </span>
     <span class='ocr_line' id='line_1_143' title="bbox 1533 2921 2011 2971; baseline 0.002 -13"><span class='ocrx_word' id='word_1_463' title='bbox 1533 2931 1573 2958; x_wconf 80' lang='lat' dir='ltr'>UI</span> <span class='ocrx_word' id='word_1_464' title='bbox 1588 2921 1646 2959; x_wconf 82' lang='lat' dir='ltr'>Et</span> <span class='ocrx_word' id='word_1_465' title='bbox 1661 2921 1867 2971; x_wconf 82' lang='lat' dir='ltr'>baptizatus</span> <span class='ocrx_word' id='word_1_466' title='bbox 1886 2921 1945 2959; x_wconf 69' lang='lat' dir='ltr'>ihs</span> <span class='ocrx_word' id='word_1_467' title='bbox 1964 2921 2011 2959; x_wconf 85' lang='lat' dir='ltr'>ab</span> 
     </span>
     <span class='ocr_line' id='line_1_144' title="bbox 1529 2975 1882 3015; baseline -0.003 -2"><span class='ocrx_word' id='word_1_468' title='bbox 1529 2975 1739 3015; x_wconf 90' lang='lat' dir='ltr'>iohannem</span> <span class='ocrx_word' id='word_1_469' title='bbox 1757 2975 1827 3013; x_wconf 88' lang='lat' dir='ltr'>fuit</span> <span class='ocrx_word' id='word_1_470' title='bbox 1846 2975 1882 3013; x_wconf 89' lang='lat' dir='ltr'>fe</span> 
     </span>
    </p>

    <p class='ocr_par' dir='ltr' id='par_1_63' title="bbox 1529 3039 1980 3135">
     <span class='ocr_line' id='line_1_145' title="bbox 1530 3039 1891 3068; baseline -0.003 0"><span class='ocrx_word' id='word_1_471' title='bbox 1530 3043 1569 3068; x_wconf 91' lang='lat' dir='ltr'>re</span> <span class='ocrx_word' id='word_1_472' title='bbox 1590 3039 1782 3068; x_wconf 89' lang='lat' dir='ltr'>annorum</span> <span class='ocrx_word' id='word_1_473' title='bbox 1801 3042 1891 3067; x_wconf 89' lang='lat' dir='ltr'>xxx·</span> 
     </span>
     <span class='ocr_line' id='line_1_146' title="bbox 1529 3083 1980 3135; baseline -0.002 -13"><span class='ocrx_word' id='word_1_474' title='bbox 1529 3083 1636 3135; x_wconf 92' lang='lat' dir='ltr'>quod</span> <span class='ocrx_word' id='word_1_475' title='bbox 1654 3084 1861 3134; x_wconf 85' lang='lat' dir='ltr'>putabatur</span> <span class='ocrx_word' id='word_1_476' title='bbox 1879 3089 1980 3122; x_wconf 89' lang='lat' dir='ltr'>esset</span> 
     </span>
    </p>
   </div>
   <div class='ocr_carea' id='block_1_17' title="bbox 2343 219 2563 276">
    <p class='ocr_par' dir='ltr' id='par_1_64' title="bbox 2343 219 2563 276">
     <span class='ocr_line' id='line_1_147' title="bbox 2343 219 2563 276; baseline 0.005 -14"><span class='ocrx_word' id='word_1_477' title='bbox 2343 219 2442 276; x_wconf 79' lang='lat' dir='ltr'>[xxx.</span> <span class='ocrx_word' id='word_1_478' title='bbox 2461 229 2563 271; x_wconf 84' lang='lat'><strong>8-25.</strong></span> 
     </span>
    </p>
   </div>
   <div class='ocr_carea' id='block_1_18' title="bbox 2062 351 2566 1647">
    <p class='ocr_par' dir='ltr' id='par_1_65' title="bbox 2064 351 2473 512">
     <span class='ocr_line' id='line_1_148' title="bbox 2064 351 2461 405; baseline 0.008 -15"><span class='ocrx_word' id='word_1_479' title='bbox 2064 351 2181 391; x_wconf 90' lang='lat' dir='ltr'>Filius</span> <span class='ocrx_word' id='word_1_480' title='bbox 2201 353 2336 404; x_wconf 89' lang='lat' dir='ltr'>ioseph</span> <span class='ocrx_word' id='word_1_481' title='bbox 2356 361 2394 393; x_wconf 92' lang='lat' dir='ltr'>et</span> <span class='ocrx_word' id='word_1_482' title='bbox 2413 367 2461 405; x_wconf 90' lang='lat' dir='ltr'>ge</span> 
     </span>
     <span class='ocr_line' id='line_1_149' title="bbox 2064 408 2426 458; baseline 0.008 -14"><span class='ocrx_word' id='word_1_483' title='bbox 2064 408 2213 446; x_wconf 88' lang='lat' dir='ltr'>neratio</span> <span class='ocrx_word' id='word_1_484' title='bbox 2234 420 2355 458; x_wconf 92' lang='lat' dir='ltr'>usque</span> <span class='ocrx_word' id='word_1_485' title='bbox 2376 410 2426 447; x_wconf 88' lang='lat' dir='ltr'>ad</span> 
     </span>
     <span class='ocr_line' id='line_1_150' title="bbox 2064 461 2473 512; baseline 0.01 -14"><span class='ocrx_word' id='word_1_486' title='bbox 2064 461 2179 499; x_wconf 90' lang='lat' dir='ltr'>adam</span> <span class='ocrx_word' id='word_1_487' title='bbox 2198 462 2265 512; x_wconf 92' lang='lat' dir='ltr'>qui</span> <span class='ocrx_word' id='word_1_488' title='bbox 2284 463 2354 500; x_wconf 81' lang='lat' dir='ltr'>fuit</span> <span class='ocrx_word' id='word_1_489' title='bbox 2373 463 2473 502; x_wconf 89' lang='lat' dir='ltr'>filius</span> 
     </span>
    </p>

    <p class='ocr_par' dir='ltr' id='par_1_66' title="bbox 2063 514 2517 714">
     <span class='ocr_line' id='line_1_151' title="bbox 2064 514 2484 566; baseline 0.012 -14"><span class='ocrx_word' id='word_1_490' title='bbox 2064 514 2104 552; x_wconf 78' lang='lat' dir='ltr'>di</span> <span class='ocrx_word' id='word_1_491' title='bbox 2124 522 2162 553; x_wconf 91' lang='lat' dir='ltr'>et</span> <span class='ocrx_word' id='word_1_492' title='bbox 2181 516 2220 553; x_wconf 91' lang='lat' dir='ltr'>in</span> <span class='ocrx_word' id='word_1_493' title='bbox 2240 516 2392 556; x_wconf 90' lang='lat' dir='ltr'>deserto</span> <span class='ocrx_word' id='word_1_494' title='bbox 2413 530 2484 566; x_wconf 89' lang='lat' dir='ltr'>age</span> 
     </span>
     <span class='ocr_line' id='line_1_152' title="bbox 2063 569 2517 621; baseline 0.009 -15"><span class='ocrx_word' id='word_1_495' title='bbox 2063 569 2175 606; x_wconf 86' lang='lat' dir='ltr'>batur</span> <span class='ocrx_word' id='word_1_496' title='bbox 2193 582 2216 608; x_wconf 91' lang='lat' dir='ltr'>a</span> <span class='ocrx_word' id='word_1_497' title='bbox 2235 570 2390 609; x_wconf 92' lang='lat' dir='ltr'>diabulo</span> <span class='ocrx_word' id='word_1_498' title='bbox 2411 578 2517 621; x_wconf 88' lang='lat' dir='ltr'>temp</span> 
     </span>
     <span class='ocr_line' id='line_1_153' title="bbox 2063 623 2508 664; baseline 0.009 -4"><span class='ocrx_word' id='word_1_499' title='bbox 2063 629 2164 661; x_wconf 91' lang='lat' dir='ltr'>tatus</span> <span class='ocrx_word' id='word_1_500' title='bbox 2182 623 2366 663; x_wconf 90' lang='lat' dir='ltr'>ieiunauit</span> <span class='ocrx_word' id='word_1_501' title='bbox 2385 638 2448 664; x_wconf 67' lang='lat' dir='ltr'>xn·</span> <span class='ocrx_word' id='word_1_502' title='bbox 2469 626 2508 664; x_wconf 91' lang='lat' dir='ltr'>di</span> 
     </span>
     <span class='ocr_line' id='line_1_154' title="bbox 2064 677 2161 714; baseline 0 0"><span class='ocrx_word' id='word_1_503' title='bbox 2064 677 2161 714; x_wconf 93' lang='lat' dir='ltr'>ebus</span> 
     </span>
    </p>

    <p class='ocr_par' dir='ltr' id='par_1_67' title="bbox 2064 730 2564 824">
     <span class='ocr_line' id='line_1_155' title="bbox 2068 730 2564 783; baseline 0.01 -16"><span class='ocrx_word' id='word_1_504' title='bbox 2068 741 2126 768; x_wconf 79' lang='lat' dir='ltr'><strong><em>IIII</em></strong></span> <span class='ocrx_word' id='word_1_505' title='bbox 2140 730 2195 768; x_wconf 84' lang='lat' dir='ltr'>Et</span> <span class='ocrx_word' id='word_1_506' title='bbox 2206 733 2247 769; x_wconf 85' lang='lat' dir='ltr'>in</span> <span class='ocrx_word' id='word_1_507' title='bbox 2262 733 2387 771; x_wconf 80' lang='lat' dir='ltr'>zareth</span> <span class='ocrx_word' id='word_1_508' title='bbox 2402 734 2492 783; x_wconf 80' lang='lat' dir='ltr'>legit</span> <span class='ocrx_word' id='word_1_509' title='bbox 2502 733 2564 772; x_wconf 70' lang='lat' dir='ltr'>ihs</span> 
     </span>
     <span class='ocr_line' id='line_1_156' title="bbox 2064 785 2405 824; baseline 0.006 -2"><span class='ocrx_word' id='word_1_510' title='bbox 2064 785 2203 823; x_wconf 91' lang='lat' dir='ltr'>librum</span> <span class='ocrx_word' id='word_1_511' title='bbox 2222 787 2347 824; x_wconf 93' lang='lat' dir='ltr'>eseiae</span> <span class='ocrx_word' id='word_1_512' title='bbox 2367 793 2405 824; x_wconf 92' lang='lat' dir='ltr'>et</span> 
     </span>
    </p>

    <p class='ocr_par' dir='ltr' id='par_1_68' title="bbox 2064 839 2524 986">
     <span class='ocr_line' id='line_1_157' title="bbox 2065 839 2476 891; baseline 0.01 -15"><span class='ocrx_word' id='word_1_513' title='bbox 2065 839 2158 877; x_wconf 91' lang='lat' dir='ltr'>dixit</span> <span class='ocrx_word' id='word_1_514' title='bbox 2179 851 2259 878; x_wconf 90' lang='lat' dir='ltr'>non</span> <span class='ocrx_word' id='word_1_515' title='bbox 2279 847 2338 878; x_wconf 93' lang='lat' dir='ltr'>est</span> <span class='ocrx_word' id='word_1_516' title='bbox 2357 853 2476 891; x_wconf 90' lang='lat' dir='ltr'>accep</span> 
     </span>
     <span class='ocr_line' id='line_1_158' title="bbox 2064 894 2524 945; baseline 0.009 -15"><span class='ocrx_word' id='word_1_517' title='bbox 2064 900 2125 931; x_wconf 91' lang='lat' dir='ltr'>tus</span> <span class='ocrx_word' id='word_1_518' title='bbox 2145 894 2296 943; x_wconf 88' lang='lat' dir='ltr'>profeta</span> <span class='ocrx_word' id='word_1_519' title='bbox 2314 895 2354 932; x_wconf 91' lang='lat' dir='ltr'>in</span> <span class='ocrx_word' id='word_1_520' title='bbox 2373 896 2524 945; x_wconf 69' lang='lat' dir='ltr'>patria*</span> 
     </span>
     <span class='ocr_line' id='line_1_159' title="bbox 2064 959 2174 986; baseline -0.009 0"><span class='ocrx_word' id='word_1_521' title='bbox 2064 959 2174 986; x_wconf 89' lang='lat' dir='ltr'>suam</span> 
     </span>
    </p>

    <p class='ocr_par' dir='ltr' id='par_1_69' title="bbox 2064 1000 2546 1150">
     <span class='ocr_line' id='line_1_160' title="bbox 2068 1000 2546 1054; baseline 0.006 -15"><span class='ocrx_word' id='word_1_522' title='bbox 2068 1005 2162 1049; x_wconf 75' lang='lat' dir='ltr'><strong><em>UIII&lt;</em></strong></span> <span class='ocrx_word' id='word_1_523' title='bbox 2183 1000 2234 1039; x_wconf 92' lang='lat' dir='ltr'>In</span> <span class='ocrx_word' id='word_1_524' title='bbox 2255 1015 2482 1054; x_wconf 53' lang='lat' dir='ltr'>wnagogam</span> <span class='ocrx_word' id='word_1_525' title='bbox 2500 1003 2546 1042; x_wconf 81' lang='lat' dir='ltr'>ho</span> 
     </span>
     <span class='ocr_line' id='line_1_161' title="bbox 2065 1056 2442 1095; baseline 0 0"><span class='ocrx_word' id='word_1_526' title='bbox 2065 1058 2212 1095; x_wconf 88' lang='lat' dir='ltr'>minem</span> <span class='ocrx_word' id='word_1_527' title='bbox 2234 1056 2442 1095; x_wconf 88' lang='lat' dir='ltr'>habentem</span> 
     </span>
     <span class='ocr_line' id='line_1_162' title="bbox 2064 1110 2406 1150; baseline -0.006 0"><span class='ocrx_word' id='word_1_528' title='bbox 2064 1110 2291 1150; x_wconf 89' lang='lat' dir='ltr'>demonium</span> <span class='ocrx_word' id='word_1_529' title='bbox 2310 1123 2406 1149; x_wconf 90' lang='lat' dir='ltr'>mun</span> 
     </span>
    </p>

    <p class='ocr_par' dir='ltr' id='par_1_70' title="bbox 2064 1166 2566 1312">
     <span class='ocr_line' id='line_1_163' title="bbox 2065 1166 2445 1207; baseline 0.008 -3"><span class='ocrx_word' id='word_1_530' title='bbox 2065 1166 2170 1204; x_wconf 90' lang='lat' dir='ltr'>dauit</span> <span class='ocrx_word' id='word_1_531' title='bbox 2432 1175 2445 1207; x_wconf 89' lang='lat' dir='ltr'>i</span> 
     </span>
     <span class='ocr_line' id='line_1_164' title="bbox 2069 1218 2566 1269; baseline 0.016 -19"><span class='ocrx_word' id='word_1_532' title='bbox 2069 1218 2186 1268; x_wconf 73' lang='lat' dir='ltr'><strong><em>UIIII(</em></strong></span> <span class='ocrx_word' id='word_1_533' title='bbox 2197 1218 2461 1269; x_wconf 81' lang='lat' dir='ltr'>sz&#39;aposlolus</span> <span class='ocrx_word' id='word_1_534' title='bbox 2472 1220 2566 1258; x_wconf 81' lang='lat' dir='ltr'>dicit</span> 
     </span>
     <span class='ocr_line' id='line_1_165' title="bbox 2064 1270 2429 1312; baseline 0.011 -4"><span class='ocrx_word' id='word_1_535' title='bbox 2064 1270 2123 1308; x_wconf 82' lang='lat' dir='ltr'>ihs</span> <span class='ocrx_word' id='word_1_536' title='bbox 2144 1274 2271 1311; x_wconf 93' lang='lat' dir='ltr'>uenite</span> <span class='ocrx_word' id='word_1_537' title='bbox 2291 1273 2429 1312; x_wconf 87' lang='lat' dir='ltr'>faciam</span> 
     </span>
    </p>

    <p class='ocr_par' dir='ltr' id='par_1_71' title="bbox 2063 1327 2468 1418">
     <span class='ocr_line' id='line_1_166' title="bbox 2064 1327 2468 1376; baseline 0.01 -14"><span class='ocrx_word' id='word_1_538' title='bbox 2064 1336 2136 1363; x_wconf 91' lang='lat' dir='ltr'>uos</span> <span class='ocrx_word' id='word_1_539' title='bbox 2157 1327 2367 1376; x_wconf 89' lang='lat' dir='ltr'>piscatores</span> <span class='ocrx_word' id='word_1_540' title='bbox 2386 1329 2468 1366; x_wconf 89' lang='lat' dir='ltr'>fieri</span> 
     </span>
     <span class='ocr_line' id='line_1_167' title="bbox 2063 1378 2264 1418; baseline 0.02 -3"><span class='ocrx_word' id='word_1_541' title='bbox 2063 1378 2264 1418; x_wconf 89' lang='lat' dir='ltr'>hominum</span> 
     </span>
    </p>

    <p class='ocr_par' dir='ltr' id='par_1_72' title="bbox 2062 1433 2484 1529">
     <span class='ocr_line' id='line_1_168' title="bbox 2064 1433 2484 1487; baseline 0.014 -18"><span class='ocrx_word' id='word_1_542' title='bbox 2064 1442 2093 1468; x_wconf 86' lang='lat' dir='ltr'>x</span> <span class='ocrx_word' id='word_1_543' title='bbox 2119 1433 2196 1472; x_wconf 82' lang='lat' dir='ltr'>Ubi</span> <span class='ocrx_word' id='word_1_544' title='bbox 2208 1436 2370 1485; x_wconf 83' lang='lat' dir='ltr'>leprosus</span> <span class='ocrx_word' id='word_1_545' title='bbox 2388 1449 2484 1487; x_wconf 81' lang='lat' dir='ltr'>roga</span> 
     </span>
     <span class='ocr_line' id='line_1_169' title="bbox 2062 1488 2441 1529; baseline 0.013 -5"><span class='ocrx_word' id='word_1_546' title='bbox 2062 1488 2117 1525; x_wconf 91' lang='lat' dir='ltr'>uit</span> <span class='ocrx_word' id='word_1_547' title='bbox 2137 1488 2217 1526; x_wconf 84' lang='lat' dir='ltr'>ihm</span> <span class='ocrx_word' id='word_1_548' title='bbox 2236 1496 2274 1527; x_wconf 91' lang='lat' dir='ltr'>et</span> <span class='ocrx_word' id='word_1_549' title='bbox 2293 1491 2441 1529; x_wconf 90' lang='lat' dir='ltr'>munda</span> 
     </span>
    </p>

    <p class='ocr_par' dir='ltr' id='par_1_73' title="bbox 2063 1542 2228 1581">
     <span class='ocr_line' id='line_1_170' title="bbox 2063 1542 2228 1581; baseline 0.024 -4"><span class='ocrx_word' id='word_1_550' title='bbox 2063 1542 2118 1578; x_wconf 90' lang='lat' dir='ltr'>uit</span> <span class='ocrx_word' id='word_1_551' title='bbox 2138 1555 2228 1581; x_wconf 89' lang='lat' dir='ltr'>eum</span> 
     </span>
    </p>

    <p class='ocr_par' dir='ltr' id='par_1_74' title="bbox 2065 1596 2503 1647">
     <span class='ocr_line' id='line_1_171' title="bbox 2065 1596 2503 1647; baseline 0.016 -16"><span class='ocrx_word' id='word_1_552' title='bbox 2065 1604 2112 1632; x_wconf 79' lang='lat' dir='ltr'>XI</span> <span class='ocrx_word' id='word_1_553' title='bbox 2127 1596 2390 1647; x_wconf 47' lang='lat' dir='ltr'>Para-lyticum</span> <span class='ocrx_word' id='word_1_554' title='bbox 2409 1611 2503 1637; x_wconf 84' lang='lat' dir='ltr'>cura</span> 
     </span>
    </p>
   </div>
   <div class='ocr_carea' id='block_1_19' title="bbox 2062 1835 2526 2256">
    <p class='ocr_par' dir='ltr' id='par_1_75' title="bbox 2062 1835 2526 2103">
     <span class='ocr_line' id='line_1_172' title="bbox 2063 1835 2481 1888; baseline 0.012 -15"><span class='ocrx_word' id='word_1_555' title='bbox 2063 1835 2131 1873; x_wconf 92' lang='lat' dir='ltr'>Uit</span> <span class='ocrx_word' id='word_1_556' title='bbox 2150 1836 2237 1876; x_wconf 69' lang='lat' dir='ltr'>dms</span> <span class='ocrx_word' id='word_1_557' title='bbox 2257 1838 2323 1888; x_wconf 92' lang='lat' dir='ltr'>qui</span> <span class='ocrx_word' id='word_1_558' title='bbox 2342 1838 2481 1878; x_wconf 90' lang='lat' dir='ltr'>tollens</span> 
     </span>
     <span class='ocr_line' id='line_1_173' title="bbox 2063 1891 2415 1939; baseline 0.011 -12"><span class='ocrx_word' id='word_1_559' title='bbox 2063 1891 2281 1939; x_wconf 90' lang='lat' dir='ltr'>grabattum</span> <span class='ocrx_word' id='word_1_560' title='bbox 2301 1904 2415 1931; x_wconf 90' lang='lat' dir='ltr'>suum</span> 
     </span>
     <span class='ocr_line' id='line_1_174' title="bbox 2062 1945 2526 1985; baseline 0.006 -3"><span class='ocrx_word' id='word_1_561' title='bbox 2062 1945 2153 1982; x_wconf 85' lang='lat' dir='ltr'>abiit</span> <span class='ocrx_word' id='word_1_562' title='bbox 2173 1946 2214 1982; x_wconf 89' lang='lat' dir='ltr'>in</span> <span class='ocrx_word' id='word_1_563' title='bbox 2233 1946 2395 1984; x_wconf 88' lang='lat' dir='ltr'>domum</span> <span class='ocrx_word' id='word_1_564' title='bbox 2415 1959 2526 1985; x_wconf 88' lang='lat' dir='ltr'>suam</span> 
     </span>
     <span class='ocr_line' id='line_1_175' title="bbox 2063 1999 2525 2039; baseline 0.009 -4"><span class='ocrx_word' id='word_1_565' title='bbox 2063 2008 2129 2036; x_wconf 80' lang='lat' dir='ltr'>XII</span> <span class='ocrx_word' id='word_1_566' title='bbox 2145 1999 2203 2037; x_wconf 84' lang='lat' dir='ltr'>Et</span> <span class='ocrx_word' id='word_1_567' title='bbox 2217 2005 2358 2038; x_wconf 80' lang='lat' dir='ltr'>secutus</span> <span class='ocrx_word' id='word_1_568' title='bbox 2375 2006 2429 2039; x_wconf 86' lang='lat' dir='ltr'>est</span> <span class='ocrx_word' id='word_1_569' title='bbox 2444 2002 2525 2039; x_wconf 66' lang='lat' dir='ltr'>dbm</span> 
     </span>
     <span class='ocr_line' id='line_1_176' title="bbox 2062 2054 2414 2103; baseline 0.003 -12"><span class='ocrx_word' id='word_1_570' title='bbox 2062 2054 2288 2103; x_wconf 91' lang='lat' dir='ltr'>publicanus</span> <span class='ocrx_word' id='word_1_571' title='bbox 2308 2055 2414 2092; x_wconf 90' lang='lat' dir='ltr'>nomi</span> 
     </span>
    </p>

    <p class='ocr_par' dir='ltr' id='par_1_76' title="bbox 2063 2108 2439 2147">
     <span class='ocr_line' id='line_1_177' title="bbox 2063 2108 2439 2147; baseline 0.003 -2"><span class='ocrx_word' id='word_1_572' title='bbox 2063 2120 2111 2145; x_wconf 94' lang='lat' dir='ltr'>ne</span> <span class='ocrx_word' id='word_1_573' title='bbox 2132 2108 2234 2146; x_wconf 93' lang='lat' dir='ltr'>leuui</span> <span class='ocrx_word' id='word_1_574' title='bbox 2289 2115 2326 2146; x_wconf 92' lang='lat' dir='ltr'>et</span> <span class='ocrx_word' id='word_1_575' title='bbox 2346 2109 2439 2147; x_wconf 89' lang='lat' dir='ltr'>dixit</span> 
     </span>
    </p>

    <p class='ocr_par' dir='ltr' id='par_1_77' title="bbox 2062 2162 2507 2256">
     <span class='ocr_line' id='line_1_178' title="bbox 2062 2162 2448 2201; baseline 0.003 -2"><span class='ocrx_word' id='word_1_576' title='bbox 2062 2162 2121 2200; x_wconf 82' lang='lat' dir='ltr'>ihs</span> <span class='ocrx_word' id='word_1_577' title='bbox 2141 2174 2258 2200; x_wconf 91' lang='lat' dir='ltr'>nemo</span> <span class='ocrx_word' id='word_1_578' title='bbox 2277 2163 2391 2200; x_wconf 91' lang='lat' dir='ltr'>mittit</span> <span class='ocrx_word' id='word_1_579' title='bbox 2408 2163 2448 2201; x_wconf 95' lang='lat' dir='ltr'>ui</span> 
     </span>
     <span class='ocr_line' id='line_1_179' title="bbox 2064 2217 2507 2256; baseline 0.005 -3"><span class='ocrx_word' id='word_1_580' title='bbox 2064 2228 2158 2254; x_wconf 89' lang='lat' dir='ltr'>num</span> <span class='ocrx_word' id='word_1_581' title='bbox 2179 2229 2326 2255; x_wconf 90' lang='lat' dir='ltr'>nouum</span> <span class='ocrx_word' id='word_1_582' title='bbox 2345 2217 2386 2255; x_wconf 92' lang='lat' dir='ltr'>in</span> <span class='ocrx_word' id='word_1_583' title='bbox 2405 2223 2507 2256; x_wconf 87' lang='lat' dir='ltr'>utres</span> 
     </span>
    </p>
   </div>
   <div class='ocr_carea' id='block_1_20' title="bbox 2020 2271 2205 2309">
    <p class='ocr_par' dir='ltr' id='par_1_78' title="bbox 2020 2271 2205 2309">
     <span class='ocr_line' id='line_1_180' title="bbox 2020 2271 2205 2309; baseline 0.011 -2"><span class='ocrx_word' id='word_1_584' title='bbox 2020 2297 2027 2303; x_wconf 89' lang='lat'>.</span> <span class='ocrx_word' id='word_1_585' title='bbox 2063 2271 2205 2309; x_wconf 91' lang='lat' dir='ltr'>ueteris</span> 
     </span>
    </p>
   </div>
   <div class='ocr_carea' id='block_1_21' title="bbox 2059 2324 2561 3132">
    <p class='ocr_par' dir='ltr' id='par_1_79' title="bbox 2062 2324 2561 2429">
     <span class='ocr_line' id='line_1_181' title="bbox 2064 2324 2561 2375; baseline 0.004 -14"><span class='ocrx_word' id='word_1_586' title='bbox 2064 2335 2149 2362; x_wconf 84' lang='lat' dir='ltr'>xIII</span> <span class='ocrx_word' id='word_1_587' title='bbox 2164 2324 2240 2362; x_wconf 88' lang='lat' dir='ltr'>Die</span> <span class='ocrx_word' id='word_1_588' title='bbox 2256 2324 2405 2362; x_wconf 82' lang='lat' dir='ltr'>sabbati</span> <span class='ocrx_word' id='word_1_589' title='bbox 2417 2325 2561 2375; x_wconf 80' lang='lat' dir='ltr'>discipu</span> 
     </span>
     <span class='ocr_line' id='line_1_182' title="bbox 2062 2379 2488 2429; baseline 0.002 -12"><span class='ocrx_word' id='word_1_590' title='bbox 2062 2379 2088 2417; x_wconf 95' lang='lat' dir='ltr'>li</span> <span class='ocrx_word' id='word_1_591' title='bbox 2107 2379 2300 2417; x_wconf 87' lang='lat' dir='ltr'>uellebant</span> <span class='ocrx_word' id='word_1_592' title='bbox 2320 2379 2488 2429; x_wconf 87' lang='lat' dir='ltr'>pispicas</span> 
     </span>
    </p>

    <p class='ocr_par' dir='ltr' id='par_1_80' title="bbox 2062 2433 2466 2472">
     <span class='ocr_line' id='line_1_183' title="bbox 2062 2433 2466 2472; baseline 0 -2"><span class='ocrx_word' id='word_1_593' title='bbox 2062 2440 2100 2470; x_wconf 92' lang='lat' dir='ltr'>et</span> <span class='ocrx_word' id='word_1_594' title='bbox 2121 2433 2409 2472; x_wconf 89' lang='lat' dir='ltr'>manducabant</span> <span class='ocrx_word' id='word_1_595' title='bbox 2427 2439 2466 2471; x_wconf 93' lang='lat' dir='ltr'>et</span> 
     </span>
    </p>

    <p class='ocr_par' dir='ltr' id='par_1_81' title="bbox 2062 2488 2431 2537">
     <span class='ocr_line' id='line_1_184' title="bbox 2062 2488 2431 2537; baseline 0 -12"><span class='ocrx_word' id='word_1_596' title='bbox 2062 2488 2103 2525; x_wconf 91' lang='lat' dir='ltr'>in</span> <span class='ocrx_word' id='word_1_597' title='bbox 2123 2499 2322 2537; x_wconf 88' lang='lat' dir='ltr'>synagoga</span> <span class='ocrx_word' id='word_1_598' title='bbox 2339 2499 2431 2525; x_wconf 94' lang='lat' dir='ltr'>cura</span> 
     </span>
    </p>

    <p class='ocr_par' dir='ltr' id='par_1_82' title="bbox 2061 2541 2430 2580">
     <span class='ocr_line' id='line_1_185' title="bbox 2061 2541 2430 2580; baseline -0.003 0"><span class='ocrx_word' id='word_1_599' title='bbox 2061 2542 2117 2580; x_wconf 93' lang='lat' dir='ltr'>uit</span> <span class='ocrx_word' id='word_1_600' title='bbox 2136 2541 2335 2579; x_wconf 89' lang='lat' dir='ltr'>hominem</span> <span class='ocrx_word' id='word_1_601' title='bbox 2354 2541 2430 2579; x_wconf 89' lang='lat' dir='ltr'>dex</span> 
     </span>
    </p>

    <p class='ocr_par' dir='ltr' id='par_1_83' title="bbox 2061 2595 2468 2688">
     <span class='ocr_line' id='line_1_186' title="bbox 2061 2595 2468 2634; baseline 0 -1"><span class='ocrx_word' id='word_1_602' title='bbox 2061 2602 2121 2634; x_wconf 91' lang='lat' dir='ltr'>tra</span> <span class='ocrx_word' id='word_1_603' title='bbox 2139 2607 2299 2634; x_wconf 89' lang='lat' dir='ltr'>manum</span> <span class='ocrx_word' id='word_1_604' title='bbox 2318 2595 2468 2634; x_wconf 89' lang='lat' dir='ltr'>aridam</span> 
     </span>
     <span class='ocr_line' id='line_1_187' title="bbox 2062 2650 2271 2688; baseline 0 0"><span class='ocrx_word' id='word_1_605' title='bbox 2062 2650 2271 2688; x_wconf 89' lang='lat' dir='ltr'>habentem</span> 
     </span>
    </p>

    <p class='ocr_par' dir='ltr' id='par_1_84' title="bbox 2060 2703 2560 2860">
     <span class='ocr_line' id='line_1_188' title="bbox 2063 2703 2560 2753; baseline -0.004 -11"><span class='ocrx_word' id='word_1_606' title='bbox 2063 2714 2166 2742; x_wconf 77' lang='lat' dir='ltr'><strong><em>XIIII</em></strong></span> <span class='ocrx_word' id='word_1_607' title='bbox 2186 2704 2263 2742; x_wconf 80' lang='lat' dir='ltr'>Ubi</span> <span class='ocrx_word' id='word_1_608' title='bbox 2273 2703 2469 2753; x_wconf 61' lang='lat' dir='ltr'>dtkcz‘pulos</span> <span class='ocrx_word' id='word_1_609' title='bbox 2479 2703 2560 2740; x_wconf 71' lang='lat' dir='ltr'>erzs</span> 
     </span>
     <span class='ocr_line' id='line_1_189' title="bbox 2061 2757 2477 2808; baseline -0.007 -11"><span class='ocrx_word' id='word_1_610' title='bbox 2061 2759 2176 2808; x_wconf 89' lang='lat' dir='ltr'>elegit</span> <span class='ocrx_word' id='word_1_611' title='bbox 2195 2764 2233 2796; x_wconf 91' lang='lat' dir='ltr'>et</span> <span class='ocrx_word' id='word_1_612' title='bbox 2251 2757 2410 2795; x_wconf 89' lang='lat' dir='ltr'>nomina</span> <span class='ocrx_word' id='word_1_613' title='bbox 2429 2768 2477 2794; x_wconf 94' lang='lat' dir='ltr'>eo</span> 
     </span>
     <span class='ocr_line' id='line_1_190' title="bbox 2060 2810 2468 2860; baseline -0.01 -9"><span class='ocrx_word' id='word_1_614' title='bbox 2060 2825 2146 2851; x_wconf 89' lang='lat' dir='ltr'>rum</span> <span class='ocrx_word' id='word_1_615' title='bbox 2165 2812 2340 2860; x_wconf 87' lang='lat' dir='ltr'>designat</span> <span class='ocrx_word' id='word_1_616' title='bbox 2358 2818 2396 2848; x_wconf 92' lang='lat' dir='ltr'>et</span> <span class='ocrx_word' id='word_1_617' title='bbox 2416 2810 2468 2848; x_wconf 93' lang='lat' dir='ltr'>do</span> 
     </span>
    </p>

    <p class='ocr_par' dir='ltr' id='par_1_85' title="bbox 2061 2865 2417 2905">
     <span class='ocr_line' id='line_1_191' title="bbox 2061 2865 2417 2905; baseline -0.011 0"><span class='ocrx_word' id='word_1_618' title='bbox 2061 2874 2122 2905; x_wconf 92' lang='lat' dir='ltr'>cet</span> <span class='ocrx_word' id='word_1_619' title='bbox 2141 2865 2417 2904; x_wconf 89' lang='lat' dir='ltr'>beatitudinem</span> 
     </span>
    </p>

    <p class='ocr_par' dir='ltr' id='par_1_86' title="bbox 2060 2918 2531 3012">
     <span class='ocr_line' id='line_1_192' title="bbox 2061 2918 2531 2969; baseline -0.002 -12"><span class='ocrx_word' id='word_1_620' title='bbox 2061 2930 2116 2957; x_wconf 78' lang='grc' dir='ltr'>ΧΠ</span> <span class='ocrx_word' id='word_1_621' title='bbox 2129 2919 2189 2957; x_wconf 84' lang='lat' dir='ltr'>De</span> <span class='ocrx_word' id='word_1_622' title='bbox 2191 2919 2345 2969; x_wconf 80' lang='lat' dir='ltr'>festuca</span> <span class='ocrx_word' id='word_1_623' title='bbox 2363 2922 2398 2956; x_wconf 82' lang='lat' dir='ltr'>el</span> <span class='ocrx_word' id='word_1_624' title='bbox 2412 2918 2531 2956; x_wconf 76' lang='lat' dir='ltr'>te‘rabe</span> 
     </span>
     <span class='ocr_line' id='line_1_193' title="bbox 2060 2972 2431 3012; baseline -0.008 0"><span class='ocrx_word' id='word_1_625' title='bbox 2060 2974 2108 3012; x_wconf 94' lang='lat' dir='ltr'>de</span> <span class='ocrx_word' id='word_1_626' title='bbox 2127 2973 2241 3012; x_wconf 91' lang='lat' dir='ltr'>oculo</span> <span class='ocrx_word' id='word_1_627' title='bbox 2259 2972 2431 3010; x_wconf 92' lang='lat' dir='ltr'>eruendo</span> 
     </span>
    </p>

    <p class='ocr_par' dir='ltr' id='par_1_87' title="bbox 2059 3027 2485 3066">
     <span class='ocr_line' id='line_1_194' title="bbox 2059 3027 2485 3066; baseline -0.005 0"><span class='ocrx_word' id='word_1_628' title='bbox 2059 3035 2097 3066; x_wconf 92' lang='lat' dir='ltr'>et</span> <span class='ocrx_word' id='word_1_629' title='bbox 2117 3028 2165 3066; x_wconf 93' lang='lat' dir='ltr'>de</span> <span class='ocrx_word' id='word_1_630' title='bbox 2186 3027 2305 3065; x_wconf 91' lang='lat' dir='ltr'>domo</span> <span class='ocrx_word' id='word_1_631' title='bbox 2325 3027 2485 3065; x_wconf 91' lang='lat' dir='ltr'>aedifica</span> 
     </span>
    </p>

    <p class='ocr_par' dir='ltr' id='par_1_88' title="bbox 2059 3087 2459 3132">
     <span class='ocr_line' id='line_1_195' title="bbox 2059 3087 2459 3132; baseline -0.005 -11"><span class='ocrx_word' id='word_1_632' title='bbox 2059 3088 2098 3121; x_wconf 86' lang='lat' dir='ltr'>ta</span> <span class='ocrx_word' id='word_1_633' title='bbox 2117 3093 2233 3132; x_wconf 89' lang='lat' dir='ltr'>super</span> <span class='ocrx_word' id='word_1_634' title='bbox 2252 3089 2400 3132; x_wconf 87' lang='lat' dir='ltr'>petram</span> <span class='ocrx_word' id='word_1_635' title='bbox 2420 3087 2459 3119; x_wconf 88' lang='lat' dir='ltr'>et</span> 
     </span>
    </p>
   </div>
  </div>
 </body>
</html>
