2866 3346
478 216 501 252 6
720 212 1134 254 EUANGELIUM
1168 215 1280 256 SEC

474 301 559 332 Pol.
575 302 627 332 11.

475 344 540 382 Ait
559 355 640 382 non
661 343 749 383 licet
767 344 939 395 accipere

473 409 616 449 panem
636 398 802 437 filiorum
822 406 859 437 et
879 399 950 437 mit

474 458 554 490 tere
574 453 734 491 canibus

474 506 572 544 ⁸⁷Ad
585 506 647 544 illa
660 506 892 557 dixitutique
902 505 976 544 dr‘1e

473 571 566 598 nam
585 566 623 598 et
642 572 759 598 canes
779 560 898 598 edunt

474 613 524 651 de
544 613 655 652 micis
675 625 774 664 quae
794 614 939 653 cadunt

473 667 522 705 de
542 679 678 706 mensa
696 667 934 707 dominoru-

473 732 632 759 suorum

473 774 626 814 ²⁸Tunc
633 776 846 825 respondes
859 776 917 815 ihs
924 777 977 815 ait

473 840 500 867 o
520 829 658 867 mulier
675 841 817 879 magna
837 837 895 869 est

472 882 568 922 fides
587 889 652 922 tua
670 883 736 922 fiat
754 884 822 922 tibi
841 885 939 923 sicut

471 948 531 975 uis

471 990 524 1030 Et
544 997 678 1029 sanata
700 998 759 1030 est
778 991 855 1030 filia
874 992 955 1031 eius

471 1057 521 1083 ex
541 1045 604 1083 illa
623 1044 719 1084 hora

470 1098 558 1137 2⁹Et
576 1111 665 1137 cum
685 1099 883 1138 transisset
902 1099 943 1137 in

471 1152 520 1191 de
539 1153 645 1190 uenit
663 1153 803 1191 iterum
823 1165 936 1192 secus

470 1218 578 1246 mare
596 1207 756 1257 galileae

471 1259 524 1299 Et
541 1260 730 1299 ascendes
748 1260 788 1298 in
807 1267 972 1300 monte*

470 1314 630 1353 sedebat
642 1314 695 1352 ibi
768 1315 843 1354 ³⁰et
856 1316 973 1354 adces

471 1375 602 1407 serunt
622 1368 672 1407 ad
691 1380 782 1407 eum
801 1370 936 1408 turbae

470 1422 658 1462 habentes
677 1434 809 1461 secum
828 1423 890 1462 clo

471 1476 544 1515 dos
563 1488 700 1515 caecos
720 1477 857 1516 debilis

470 1537 601 1569 mutus
619 1537 657 1569 et
675 1530 772 1570 alios
791 1530 873 1569 mul

470 1590 532 1623 tus
551 1590 588 1623 et
606 1585 851 1635 proiecerunt

468 1671 551 1710 Eos
571 1671 620 1710 ad
642 1671 761 1722 pedes
780 1672 862 1711 eius
881 1678 918 1711 et

469 1726 618 1764 curauit
636 1738 705 1764 eos
729 1738 867 1765 omnes

469 1779 557 1818 ⁸¹ita
576 1786 618 1818 ut
638 1780 771 1818 turbae
791 1781 887 1818 mira

471 1840 603 1873 rentur
622 1834 797 1873 uidentes
816 1846 883 1872 mu

471 1894 534 1927 tos
552 1888 757 1939 loquentes
777 1888 913 1928 clodos

470 1942 714 1980 ambulantes
733 1954 872 1981 caecos

470 1995 646 2034 uidentes
665 2002 703 2034 et
723 1996 883 2046 magnifi

468 2050 610 2088 cabant
629 2049 697 2087 dm
715 2049 871 2088 istrahel

470 2113 582 2141 xum
598 2103 628 2126 ⁸²
634 2103 704 2141 Ins
717 2108 834 2141 aulem
850 2116 963 2143 conuo

471 2158 567 2196 catis
586 2156 781 2207 discipulis
801 2158 880 2196 suis

469 2211 566 2250 dixit
584 2211 769 2250 misereor
787 2212 922 2251 turbae

469 2265 562 2316 quia
579 2265 750 2304 triduum
771 2272 828 2303 est
846 2266 923 2304 iam

469 2318 578 2370 quod
597 2326 845 2369 perseuerant

468 2385 625 2411 mecum
644 2380 780 2418 et'non
799 2373 850 2411 ha

468 2427 563 2465 bent
582 2427 687 2478 quod
707 2427 853 2466 mandu

470 2487 560 2519 cent
578 2490 615 2520 et
634 2481 823 2519 dimittere

469 2546 537 2574 eos
556 2535 704 2574 ieiunos
721 2535 815 2574 nolo
832 2547 882 2575 ne

470 2588 570 2627 sorte
589 2589 768 2627 deficiant
786 2589 826 2627 in

469 2642 533 2680 uia

469 2695 652 2733 ⁸‘Dicunt
671 2702 799 2734 autem
818 2697 853 2734 ei
875 2697 973 2737 disci

469 2748 550 2800 puli
568 2748 671 2787 unde
691 2762 785 2799 ergo
804 2750 844 2787 in
863 2751 911 2790 de

469 2809 572 2841 serto
592 2814 711 2853 panes
730 2809 858 2842 tantos

470 2863 513 2894 ut
531 2862 749 2895 saturentur
767 2857 902 2896 turbae

468 2910 556 2949 ⁸⁴Et
574 2910 625 2950 ait
639 2910 710 2949 illis
723 2910 781 2950 ihs
796 2911 904 2961 quod
918 2923 970 2963 pa

1014 343 1096 383 Nes
1115 345 1239 385 abetis
1259 359 1269 369 ·
1289 345 1341 385 ad
1360 346 1411 385 illi
1427 346 1517 386 dixe

1012 405 1101 437 runt
1121 406 1228 449 septe
1247 407 1285 440 et
1303 412 1452 452 paucos

1042 453 1052 490 i
1099 453 1109 490 i
1134 453 1173 491 ul

1012 465 1099 545 8ΡέῙεὲἰοῐ
1111 465 1290 559 (preocsepit
1307 509 1443 547 turbae
1459 508 1516 547 dis

1011 561 1183 600 cunbere
1202 562 1241 600 in
1261 568 1361 601 terra

1011 614 1084 653 ⁸‘'et
1103 615 1253 666 adcepit
1271 616 1330 654 ihs
1352 628 1476 666 panes

1010 674 1049 708 et
1067 669 1195 719 pisces
1214 677 1253 709 et
1271 671 1414 721 gratias

1010 723 1090 773 egit
1108 729 1147 762 et
1166 723 1278 774 fregit
1297 730 1334 763 et
1355 724 1460 763 dedit

1011 777 1207 828 discipulis
1227 779 1304 817 suis
1321 784 1361 816 et
1379 778 1476 817 disci

1009 831 1088 881 puli
1108 831 1294 870 dederunt
1313 844 1421 882 popu

1009 884 1048 923 lo
1067 885 1140 923 ⁸⁷et
1159 886 1491 924 manducauerunt

1009 950 1147 978 omnes
1165 946 1202 978 et
1222 940 1377 978 saturati
1396 947 1484 979 sunt

1009 999 1047 1031 et
1068 993 1175 1043 quod
1195 994 1403 1032 abundaue

1009 1052 1067 1084 rat
1086 1047 1136 1085 de
1155 1048 1321 1097 panibus
1339 1047 1419 1086 tule

1007 1107 1097 1138 runt
1117 1107 1226 1151 septe
1246 1108 1396 1152 sportas

1008 1154 1144 1203 plenas

1006 1208 1163 1247 ⁸⁸Erant
1182 1215 1311 1247 autem
1331 1209 1396 1260 qui
1415 1217 1510 1248 ma*

1007 1262 1214 1301 ducauerat
1233 1269 1368 1313 quattu

1006 1328 1052 1354 or
1070 1316 1174 1355 milia
1193 1316 1396 1355 hominum

1005 1375 1115 1408 extra
1133 1382 1276 1421 pueros
1294 1377 1332 1410 et
1350 1382 1419 1408 mu

1004 1424 1115 1463 lieres

1005 1478 1092 1516 ³⁹Et
1110 1478 1269 1517 dimissa
1287 1479 1400 1516 turba
1419 1490 1463 1517 as

1005 1532 1134 1571 cendit
1154 1532 1194 1570 in
1212 1533 1392 1571 nauicula

1007 1593 1047 1625 et
1065 1587 1172 1625 uenit
1190 1587 1231 1624 in
1249 1587 1391 1625 finibus

1008 1670 1223 1722 Magedam
1413 1670 1509 1726 [eu’‘

1008 1735 1045 1766 16
1055 1726 1126 1765 1Εῐ
1145 1727 1393 1766 adcesserunt
1413 1727 1463 1766 ad

1007 1781 1173 1832 pharisei
1194 1787 1232 1820 et
1250 1781 1434 1819 sadducei

1007 1841 1241 1885 temptantes
1260 1842 1299 1874 et
1317 1847 1415 1885 roga

1008 1896 1146 1928 uerunt
1165 1896 1207 1928 ut
1227 1889 1382 1940 signum

1007 1943 1055 1981 de
1074 1943 1182 1982 eaelo
1201 1943 1452 1982 ostendenret

1007 1997 1082 2035 illis

1008 2051 1090 2089 ²Ihs
1097 2056 1227 2089 autem
1234 2051 1433 2101 respondit
1440 2051 1512 2090 illis

1007 2105 1059 2144 ait
1079 2117 1169 2143 cum
1189 2117 1275 2144 sero
1295 2105 1438 2144 factum

1008 2159 1121 2198 suerit
1140 2159 1266 2197 dicitis
1286 2165 1453 2198 serenu-

1007 2213 1077 2251 erit
1095 2213 1352 2252 rubicundum
1371 2219 1430 2251 est

1007 2267 1111 2305 enim
1131 2278 1221 2305 cum
1242 2267 1410 2305 nubibus

1007 2320 1158 2359 caelum
1178 2320 1235 2358 ⁸et
1253 2332 1369 2359 mane
1389 2320 1428 2358 di

1007 2374 1094 2413 citis
1114 2381 1301 2424 tespestas
1320 2374 1391 2412 erit
1409 2386 1454 2413 ru

1007 2427 1218 2467 bicundum
1236 2434 1295 2467 est
1313 2428 1418 2466 enim

1007 2493 1097 2520 cum
1118 2481 1239 2521 tristia
1258 2481 1409 2520 caelum

1009 2535 1235 2586 Hyprocyte
1254 2535 1394 2574 faciem
1414 2548 1484 2575 cae

1007 2589 1032 2628 li
1051 2590 1209 2640 quidem
1231 2590 1354 2628 nostis
1373 2601 1439 2629 aes

1005 2643 1141 2682 timare
1160 2644 1271 2693 signa
1289 2650 1417 2682 autern

1004 2704 1226 2748 temporum
1244 2710 1326 2737 non
1345 2710 1398 2748 po

1004 2753 1113 2790 testis
1131 2763 1371 2803 cognoscere

1005 2806 1019 2827 ⁴
1027 2805 1236 2845 Generatio
1249 2805 1351 2845 mala
1361 2806 1507 2856 signu-

1004 2859 1126 2909 querit
1145 2867 1183 2898 et
1200 2861 1355 2910 signum
1376 2866 1457 2899 no-

1003 2912 1155 2952 dabitur
1173 2914 1209 2953 ei
1227 2914 1299 2953 nisi
1318 2914 1460 2964 signu‘

1943 216 2032 256 MA
2045 217 2254 258 TTEUM
2300 217 2382 273 [xv-
2404 225 2553 260 26—xvl.
2575 237 2629 269 23.

1597 304 1678 336 1¹01.
1698 305 1753 335 12.

1595 346 1717 386 Ionae
1735 346 1908 397 profetae

1591 400 1644 439 Et
1662 401 1802 440 relictis
1821 401 1893 439 illis
1912 401 2006 440 abiit
2023 401 2084 441 ³et

1590 467 1680 493 cum
1698 455 1865 494 uenisset
1883 462 1988 494 trans

1591 508 1730 547 fretum
1751 509 1858 548 obliti
1878 516 1966 548 sunt

1590 562 1766 613 discipuli
1785 564 1867 602 eius
1889 575 2010 614 panes

1589 617 1765 667 adcipere

1588 671 1675 709 ‘Ihs
1694 678 1823 710 autern
1844 670 1939 709 dixit
1952 671 2024 710 illis
2039 683 2089 710 an

1586 725 1728 763 tendite
1747 725 1861 764 uobis
1881 738 1904 763 a
1923 725 2072 764 ferme-

1587 786 1627 818 to
1646 778 1912 829 phariseorum
1933 786 1970 818 et
1991 779 2061 818 sad

1586 833 1799 872 duceorum

1584 886 1722 925 ‘'Tunc
1741 887 1962 937 cogitabant
1979 887 2078 926 inter

1586 952 1627 979 se
1647 940 1816 979 dieentes
1835 941 1928 991 quia
1945 953 2067 992 panes

1585 1006 1665 1033 non
1685 994 1911 1045 adcepimus

1584 1047 1759 1095 ‘Quibus
1779 1048 2037 1098 cogitantibus

1585 1101 1680 1140 dixit
1699 1102 1757 1141 ihs
1777 1102 1870 1153 quid
1889 1103 2018 1152 cogita

1584 1156 1634 1194 tis
1652 1156 1752 1195 inter
1769 1168 1842 1195 uos
1861 1157 2039 1196 modicae

1585 1210 1673 1248 fidei
1694 1211 1785 1261 quia
1803 1222 1925 1261 panes
1943 1223 2023 1250 non

1583 1263 1735 1302 habetis
1754 1264 1952 1303 ⁹n0ndum
1971 1265 2012 1303 in

1582 1317 1780 1357 tellexistis
1798 1330 1925 1368 neque
1944 1331 2008 1357 me

1582 1372 1746 1410 ministis
1765 1373 1935 1422 quinque
1954 1385 2005 1423 pa

1583 1437 1678 1463 num
1699 1426 1739 1464 in
1758 1427 1928 1477 quinque
1947 1427 2001 1464 mi

1582 1478 1633 1517 lia
1651 1479 1856 1518 hominum
1875 1487 1914 1518 et
1933 1480 2039 1531 quod

1583 1533 1732 1572 cofinos
1751 1534 1969 1584 sumpsistis

1582 1586 1744 1638 ¹⁰neque
1765 1594 1873 1638 septe
1891 1587 2052 1639 panium

1579 1672 1629 1711 Et
1649 1679 1832 1724 quattuor
1850 1673 1954 1712 milia

1579 1727 1782 1766 hominum
1801 1733 1840 1765 et
1859 1728 1965 1778 quod

1580 1787 1730 1831 sportas
1751 1782 1968 1832 sumpsistis

1553 1883 1555 1885 ‚
1579 1834 1733 1886 ¹¹quare
1752 1848 1833 1874 non
1853 1835 2022 1887 intellegi

1579 1889 1626 1927 tis
1645 1890 1736 1940 quia
1754 1902 1835 1928 non
1855 1890 1904 1928 de
1923 1902 2027 1940 pane

1578 1943 1658 1981 dixi
1677 1943 1843 1982 atendite
1862 1955 1886 1982 a
1905 1944 1961 1982 fer

1579 2004 1711 2036 mento
1731 1997 1985 2047 phariseoru‘

1577 2057 1614 2089 et
1634 2051 1917 2090 sadduceorum

1576 2104 1727 2143 ¹²Tunc
1744 2105 2014 2144 intellexerunt

1577 2160 1667 2210 quia
1685 2171 1767 2197 non
1787 2158 1881 2197 dixit
1899 2171 1922 2197 a
1940 2159 1997 2198 fer

1575 2219 1709 2252 mento
1729 2212 1797 2251 sed
1815 2225 1839 2251 a
1858 2213 1983 2252 doctri

1576 2279 1627 2305 na
1645 2266 1911 2317 phariseorum
1931 2273 1970 2306 et

1575 2321 1858 2359 sadduceorum

1576 2383 1705 2411 XLUIII
1719 2373 1748 2395 ¹⁸
1759 2374 1870 2413 Ueni!
1883 2378 2001 2413 autem
2020 2375 2081 2414 ihs

1574 2428 1614 2465 in
1634 2435 1762 2478 partes
1782 2440 1983 2467 caesareae

1574 2482 1709 2532 pilippi
1729 2488 1766 2520 et
1784 2483 1980 2532 interroga

1574 2537 1640 2574 bat
1659 2536 1869 2586 discipulos
1888 2548 1979 2576 suos

1573 2590 1707 2629 dicens
1726 2602 1843 2641 quem
1862 2603 1926 2629 me
1945 2591 1984 2629 di

1573 2650 1670 2683 cunt
1684 2644 1862 2683 homines
1881 2656 1965 2683 esse

1574 2698 1695 2736 filium
1714 2697 1883 2737 hominis

1571 2751 1670 2791 ¹⁴Ad
1689 2752 1741 2790 illi
1760 2753 1938 2791 dixerunt
1952 2752 2073 2793 ioha'

1571 2818 1663 2845 nem
1682 2807 1889 2857 baptistam
1908 2806 1970 2845 alii

1569 2867 1698 2899 autem
1717 2860 1856 2899 heliam
1876 2861 1941 2899 alii

1569 2926 1663 2954 uero
1682 2914 1907 2954 hieremiam

2129 346 2209 386 Aut
2227 360 2349 387 unum
2369 360 2417 388 ex
2435 350 2546 401 profe

2127 401 2175 440 tis

2128 454 2260 494 u‘Dicit
2272 455 2343 495 illis
2351 456 2409 494 ihs
2417 469 2489 495 uos
2497 463 2623 496 autem

2127 520 2243 558 quem
2263 521 2326 548 me
2345 523 2438 573 esse·
2448 512 2571 550 dicitis

2125 561 2153 583 ¹⁶
2162 562 2390 624 Respondes
2409 577 2536 604 snnon
2554 578 2605 616 pe

2123 622 2202 654 trus
2221 616 2314 656 d1xit
2331 624 2373 656 tu
2391 631 2434 657 es
2452 623 2526 669 xps
2545 620 2573 658 fi

2124 669 2197 708 lius
2216 669 2256 708 di
2274 671 2354 709 uiui

2123 723 2151 745 ¹⁷
2159 723 2389 774 Respondes
2408 731 2537 764 autem
2555 726 2615 765 ihs

2123 777 2220 816 dixit
2238 778 2273 816 ei
2294 779 2429 818 beatus
2448 786 2507 818 est
2525 780 2557 818 si

2122 844 2218 870 mon
2237 832 2397 871 bariona
2416 834 2508 883 quia

2122 897 2214 924 caro
2233 892 2270 924 et
2289 887 2446 936 sanguis
2464 892 2550 926 no·-

2121 940 2301 978 reuelauit
2325 941 2391 978 tibi
2412 941 2481 979 sed
2501 953 2554 991 pa

2119 999 2177 1032 ter
2195 1006 2305 1032 meus
2324 995 2391 1044 qui
2409 1001 2468 1033 est
2486 995 2527 1033 in
2546 1007 2592 1034 ce

2118 1047 2165 1085 lis

2119 1101 2205 1139 ²⁸Et
2216 1113 2292 1151 ego
2299 1101 2461 1142 dicotibi
2475 1109 2517 1141 tu
2524 1114 2566 1142 es
2572 1115 2621 1154 pe

2119 1160 2201 1193 trus
2221 1163 2260 1195 et
2280 1168 2397 1206 super
2415 1157 2516 1195 hanc
2535 1169 2586 1207 pe

2119 1215 2218 1247 tram
2237 1210 2453 1249 aedificabo
2473 1210 2555 1249 ecle

2120 1263 2217 1301 siam
2236 1275 2366 1302 meam
2386 1271 2423 1302 et
2441 1272 2575 1314 portae

2119 1317 2256 1355 inferni
2275 1330 2357 1356 non
2375 1330 2495 1368 preua

2118 1370 2250 1409 lebunt
2267 1371 2350 1410 eius

2119 1424 2147 1446 ¹⁹
2153 1424 2205 1463 Et
2216 1425 2283 1463 tibi
2295 1425 2399 1464 dabo
2410 1425 2539 1464 claues
2551 1438 2621 1477 reg

2118 1479 2158 1516 ni
2178 1479 2374 1517 caelorum
2392 1486 2430 1518 et
2449 1492 2526 1530 que

2119 1544 2288 1583 cumque
2307 1533 2484 1583 ligaueris

2117 1597 2233 1636 super
2251 1593 2391 1625 terram
2410 1593 2524 1626 erunt

2118 1670 2256 1722 Ligata
2275 1678 2313 1711 et
2332 1672 2371 1711 in
2393 1673 2511 1712 caelis

2117 1733 2156 1765 et
2175 1739 2417 1778 quecumque
2435 1728 2542 1767 solue

2117 1780 2167 1819 ris
2187 1793 2302 1831 super
2320 1788 2459 1820 terram
2478 1788 2590 1821 erunt

2117 1834 2239 1873 soluta
2258 1841 2295 1874 et
2314 1835 2355 1873 in
2373 1836 2488 1874 caelis

2115 1888 2144 1911 ²⁰
2153 1888 2267 1928 Tunc
2292 1889 2480 1939 inperauit
2503 1889 2615 1928 disci-

2494 1940 2615 1996 [pulis

2113 1996 2193 2035 suis
2213 2002 2255 2034 ut
2273 1996 2420 2035 nemini
2439 1996 2583 2035 diceret

2112 2050 2219 2100 quod
2238 2051 2320 2100 ipse
2342 2057 2442 2089 esset
2461 2054 2536 2101 xps

2113 2113 2260 2142 xwrm
2285 2103 2311 2127 ²¹
2318 2103 2477 2143 Exinde
2502 2106 2619 2155 coepit

2478 2156 2555 2211 [ihs
2573 2172 2613 2197 os

2110 2211 2283 2250 tenderet
2301 2211 2496 2263 discipulis
2515 2225 2561 2251 su

2111 2266 2144 2304 is
2163 2267 2254 2316 quia
2273 2273 2425 2316 oportet
2445 2278 2535 2305 eum
2555 2267 2610 2306 ire

2112 2319 2152 2358 in
2173 2321 2419 2359 hierosolima
2439 2326 2477 2359 et
2497 2321 2578 2359 mul

2111 2380 2150 2412 ta
2168 2375 2247 2423 pati
2267 2386 2290 2412 a
2309 2375 2526 2413 senioribus
2544 2382 2583 2413 et

2110 2428 2245 2466 scribis
2264 2434 2301 2466 et
2320 2428 2555 2479 principibus

2108 2482 2348 2521 sacerdotum
2369 2489 2407 2520 et
2425 2483 2510 2521 occi

2108 2536 2146 2574 di
2167 2542 2205 2574 et
2224 2548 2297 2586 pos
2316 2536 2468 2574 tertium
2487 2536 2589 2575 diem

2106 2601 2305 2640 resurgere

2107 2643 2194 2682 ”Et
2213 2644 2393 2683 adsumes
2412 2650 2542 2695 petrus
2561 2656 2606 2683 ce

2105 2697 2162 2749 pit
2180 2698 2376 2749 increpare
2394 2705 2432 2736 et
2451 2698 2579 2736 dicere

2105 2752 2203 2790 absit
2221 2765 2245 2790 a
2264 2759 2301 2790 te
2319 2751 2508 2801 propitius
2526 2750 2594 2789 tibi

2105 2805 2181 2844 dfie
2200 2817 2283 2844 non
2301 2805 2370 2843 en't
2388 2804 2490 2842 istud

2103 2858 2201 2897 ”Ad
2208 2859 2289 2909 ipse
2296 2857 2604 2897 conuersusdixit

2101 2918 2212 2963 petro
2231 2911 2330 2950 uade
2350 2918 2450 2950 retro
2468 2918 2557 2962 post

2101 2978 2164 3004 me
2184 2972 2339 3004 satanas
2357 2966 2502 3005 scanda

2099 3020 2179 3059 lum
2198 3025 2255 3059 est
2273 3019 2368 3058 mihi
