2866 3346
486 226 535 253 10

479 302 562 334 1¹01.
582 304 640 334 19.

482 346 626 386 Perunt
644 345 818 396 singulos
837 346 875 385 di

481 402 611 440 narios
684 401 916 439 ¹⁰uenientes
934 411 984 439 au

483 463 561 495 tem
580 461 618 494 et
638 456 748 506 primi
768 455 908 493 arbitra

482 511 509 548 ti
530 518 617 549 sunt
633 510 739 560 quod
754 509 841 560 plus
856 514 985 548 essent

483 564 681 615 adcepturi

482 618 764 668 nAdceperunt
783 623 912 655 autem
931 623 970 656 et

481 673 555 724 ipsi
575 672 747 722 singulos
766 672 937 711 dinarios

483 734 522 767 et
540 727 777 778 adcipientes
795 739 883 765 mur

483 788 732 821 murauerunt
750 781 870 819 aduer

484 848 571 875 sum
591 835 918 886 patremfamilia*

483 889 688 929 ¹2dicentes
706 889 744 927 hi
765 889 964 928 nouissimi

483 957 563 984 una
581 945 675 984 hora
694 944 865 983 fecerunt

484 1007 523 1039 et
542 1011 653 1050 pares
672 999 756 1037 illos
775 998 889 1037 nobis
907 997 942 1036 fe

484 1055 589 1094 cistis
609 1054 675 1104 qui
695 1053 934 1103 portauimus

483 1108 638 1158 pondus
658 1108 733 1146 diei
751 1114 788 1145 et
808 1113 912 1145 estus

485 1162 582 1201 ¹³Ad
595 1163 656 1201 ille
668 1160 907 1212 respondens
921 1160 990 1199 uni

485 1229 621 1256 eorum
641 1216 737 1255 dixit
756 1216 879 1254 amice

485 1284 568 1310 non
586 1271 686 1310 facio
706 1271 774 1309 tibi
793 1270 904 1308 iniuri

486 1338 552 1364 am
570 1337 703 1364 nonne
723 1337 770 1363 ex
792 1324 940 1363 dinario

485 1380 703 1419 conuenisti
723 1390 877 1417 mecum

485 1434 515 1457 ¹⁴
523 1435 613 1473 tolle
631 1434 737 1485 quod
756 1440 865 1472 tuum
885 1439 943 1471 est

487 1496 526 1528 et
544 1488 644 1527 uade
664 1488 756 1527 uolo
777 1494 905 1526 autern

487 1550 526 1582 et
544 1543 633 1581 huic
653 1542 870 1581 nouissimo

487 1598 579 1636 dare
599 1597 696 1636 sicut
714 1604 752 1635 et
771 1597 840 1635 tibi

488 1738 603 1777 ¹⁶Aut
621 1750 702 1777 non
720 1738 808 1777 licet
827 1737 921 1776 mihi

488 1793 612 1832 facere
632 1793 738 1843 quod
757 1792 850 1831 uolo

489 1860 540 1886 an
560 1848 693 1887 oculus
713 1854 799 1885 tuus
819 1858 869 1884 ne

489 1915 569 1954 qua
586 1909 644 1940 est
663 1902 754 1952 quia
773 1913 847 1951 ego
868 1901 920 1939 bo

490 1969 564 1995 nus
584 1969 670 1995 sum

490 2011 518 2032 ¹⁸
528 2011 591 2049 Sic
611 2017 723 2049 erunt
742 2009 942 2048 nouissimi

490 2065 606 2116 primi
624 2072 663 2103 et
683 2065 793 2115 primi
812 2064 926 2103 nouis

492 2120 577 2158 simi

493 2172 609 2212 Multi
629 2173 734 2212 enim
754 2178 843 2211 sunt
862 2184 914 2210 uo

492 2228 566 2267 cati
586 2228 698 2279 pauci
718 2239 811 2265 uero
831 2227 943 2265 electi

850 2291 874 2312 n

493 2325 628 2364 LU111¹⁷
639 2325 699 2364 Et
709 2326 875 2364 ascendes
887 2325 947 2363 ins
958 2326 999 2363 in

495 2380 761 2430 hierosolymis
780 2380 946 2430 adsump

496 2436 544 2473 sit
562 2435 768 2474 duodecim
788 2434 938 2485 discipu

493 2490 554 2528 los

495 2543 546 2581 Et
565 2544 617 2582 ait
639 2543 711 2582 illis
731 2543 856 2582 ¹⁸ecce
879 2555 996 2582 ascen

497 2598 625 2636 dimus
644 2598 683 2635 in
703 2597 881 2637 hierosoli

497 2663 564 2689 ma
582 2659 619 2690 et
639 2652 737 2689 filius
757 2651 864 2690 homi

497 2705 558 2743 nis
578 2706 744 2743 tradetur
762 2706 884 2755 princi

498 2759 612 2809 pibus
632 2760 876 2797 sacerdotum

498 2820 537 2851 et
556 2813 689 2851 scribis
708 2819 746 2850 et
764 2813 933 2851 condem

499 2867 650 2905 nabunt
668 2879 730 2904 me
750 2868 864 2905 morti

499 2920 572 2960 ²“et
590 2920 741 3005 tradent
759 2932 850 2958 eum
870 2933 946 2970 gen

708 2983 727 3005 e

501 3018 604 3056 tibus
622 3016 671 3056 ad
691 3016 901 3056 dulendum

501 3082 540 3113 et
559 3072 835 3125 flagellandum

724 212 1140 253 EUANGELIUM
1167 212 1280 253 SEC

1016 347 1067 386 Et
1087 346 1190 385 cruci
1209 345 1408 396 figendum

1017 410 1054 440 et
1074 402 1183 440 tertia
1202 402 1264 439 die
1282 406 1456 450 resurget

1017 456 1170 494 ⁹⁰Tunc
1185 455 1350 495 adcessit
1364 455 1414 493 ad
1429 467 1519 493 eum

1017 518 1141 549 mater
1160 510 1327 548 filiorum
1347 522 1390 548 ze

1017 564 1131 603 bedei
1150 576 1242 603 cum
1261 563 1345 603 filiis
1365 563 1415 602 ad

1018 631 1133 659 orans
1152 626 1189 658 et
1208 625 1343 669 petens
1362 618 1411 657 ali

1018 674 1112 724 quid
1131 674 1181 712 ab
1199 686 1247 713 eo
1409 670 1520 725 [quid

1018 728 1143 779 ²¹Ipse
1185 734 1316 766 autem
1353 726 1450 765 dixit
1487 726 1521 765 ei

1019 783 1079 822 uis
1099 783 1151 821 ait
1168 788 1207 820 et
1225 781 1287 820 illa
1307 781 1368 819 dic
1388 787 1431 819 ut

1021 837 1180 877 sedeant
1198 836 1251 874 hii
1271 836 1348 875 duo
1367 835 1420 874 fili

1020 892 1098 930 mei
1117 902 1217 929 unus
1236 890 1286 928 ad
1306 890 1467 928 dextra-

1021 953 1127 984 tuam
1148 951 1185 983 et
1204 956 1303 982 unus
1323 944 1372 982 ad
1392 944 1423 982 si

1021 1001 1179 1039 nistram
1199 1000 1239 1037 in
1260 1010 1383 1049 regno

1021 1062 1089 1094 tuo

1020 1109 1050 1131 ²²
1059 1106 1318 1159 Respondens
1337 1113 1466 1145 autem

1021 1164 1095 1203 illis
1114 1163 1172 1201 ihs
1192 1161 1348 1201 nescitis
1368 1161 1462 1212 quid

1022 1218 1161 1269 petatis
1180 1216 1342 1267 potestis
1361 1216 1452 1254 bibe

1021 1285 1061 1311 re
1081 1272 1241 1310 calicem
1260 1281 1379 1321 quem

1022 1338 1097 1376 ego
1116 1326 1305 1364 bibiturus
1325 1335 1413 1363 sum

1022 1381 1154 1419 dicunt
1172 1379 1207 1417 ei
1228 1390 1434 1428 possumus

1021 1434 1052 1457 ²³
1058 1434 1124 1473 Ait
1135 1434 1207 1472 illis
1219 1434 1278 1472 ihs
1291 1433 1450 1472 calicem
1457 1432 1524 1484 qui

1023 1490 1112 1528 dem
1133 1500 1265 1526 meum
1284 1487 1412 1526 bibitis

1023 1543 1156 1583 sedere
1174 1549 1305 1581 autem
1326 1541 1375 1580 ad

1023 1599 1199 1637 dextram
1218 1608 1348 1635 meam

1024 1739 1101 1779 Uel
1120 1739 1170 1779 ad
1190 1738 1380 1777 sinistram
1400 1743 1482 1776 no*

1025 1801 1083 1833 est
1102 1806 1234 1832 meum
1254 1793 1345 1831 dare
1365 1792 1479 1830 uobis

1025 1849 1094 1888 sed
1113 1848 1254 1899 quibus
1274 1852 1450 1897 paratum

1027 1910 1085 1941 est
1104 1915 1127 1941 a
1146 1910 1253 1953 patre
1272 1913 1361 1940 meo

1026 1957 1114 1995 ²⁴Et
1132 1957 1331 1995 audientes
1350 1955 1486 1994 decem

1028 2011 1239 2051 contristati
1259 2016 1347 2049 sunt
1367 2009 1415 2047 de

1029 2066 1181 2104 duobus
1199 2065 1377 2105 fratribus

1027 2120 1132 2158 ²⁵Ihs
1152 2125 1280 2158 autem
1294 2118 1450 2158 uocauit
1464 2128 1532 2156 eos

1030 2174 1079 2213 ad
1102 2186 1142 2212 se
1162 2181 1200 2212 et
1219 2174 1270 2212 ait

1033 2228 1144 2267 Scitis
1163 2227 1271 2278 quod
1290 2225 1474 2277 principis

1032 2283 1206 2333 gentium
1225 2281 1472 2319 dominantur

1031 2348 1166 2375 eorum

1032 2389 1082 2429 Et
1101 2391 1167 2441 qui
1187 2389 1352 2427 maiores
1371 2393 1461 2426 sunt
1480 2399 1533 2438 po

1032 2452 1213 2483 testatem·
1229 2443 1371 2481 habent
1390 2442 1430 2479 in

1032 2499 1087 2538 eis
1107 2499 1239 2536 ²⁶inter
1257 2509 1329 2535 uos
1348 2503 1477 2535 autem

1032 2565 1112 2592 non
1132 2553 1202 2591 erit
1221 2552 1275 2590 sic
1295 2551 1363 2589 sed
1382 2550 1449 2601 qui

1032 2618 1199 2657 cumque
1219 2605 1381 2644 uoluerit

1032 2662 1129 2700 inter
1148 2673 1219 2699 uos
1238 2660 1361 2698 maior
1381 2658 1461 2697 fieri

1032 2716 1103 2754 erit
1121 2723 1249 2753 uester
1267 2714 1440 2752 minister

1031 2769 1118 2808 ²⁷Et
1138 2769 1205 2820 qui
1225 2768 1387 2807 uoluerit
1406 2767 1504 2806 inter

1032 2836 1104 2862 uos
1125 2825 1271 2874 primus
1290 2834 1375 2861 esse
1394 2821 1464 2860 erit

1033 2886 1160 2916 uester
1179 2889 1312 2915 seruus
1330 2875 1465 2914 ²⁸sicut

1034 2931 1132 2969 filius
1153 2931 1321 2969 hominis
1340 2929 1429 2968 trari

1035 2985 1104 3024 sed
1123 2985 1337 3023 ministrare
1357 2990 1395 3022 et

1967 213 2056 252 MA
2068 213 2280 254 TTEUM
2338 213 2423 269 [xx.
2441 228 2570 266 9-xxi.
2590 223 2623 256 8.

1589 303 1671 334 1³01.
1686 302 1746 334 20.

1590 347 1694 384 Dare
1714 346 1884 385 animam
1903 357 2015 384 suam

1590 400 1892 451 redemptionem
1914 412 1985 450 pro

1589 455 1718 494 multis
1815 466 1887 493 uos
1907 462 2036 493 autem

1589 509 1770 560 quaeritis
1790 509 1838 547 de
1860 509 2000 559 pusillo

1588 576 1758 603 crescere
1777 570 1814 602 et
1833 563 1881 601 de
1901 563 2005 602 maio

1590 630 1630 656 re
1650 619 1819 657 minores
1838 629 1922 656 esse

1590 671 1781 711 Intrantes
1802 679 1929 710 autem
1949 677 1988 710 et
2006 682 2052 710 ro

1590 727 1668 778 gati
1687 726 1738 765 ad
1757 738 1894 765 cenam
1914 726 2033 764 nolite

1591 782 1814 820 recumbere
1833 780 1989 819 emine*

1590 836 1751 874 tioribus
1769 835 1864 874 locis
1884 846 1933 872 ne
1951 833 2008 872 for

1592 897 1629 928 te
1649 889 1787 928 clarior
1806 895 1842 928 te
1862 900 2026 938 superue

1592 944 1672 982 niat
1691 949 1729 982 et
1748 943 1939 982 adcedens
1960 942 2027 993 qui

1592 1005 1629 1036 te
1649 998 1699 1036 ad
1718 1010 1855 1036 cenam
1874 997 2027 1035 uocauit

1593 1052 1693 1091 dicat
1712 1051 1779 1090 tibi
1798 1051 1925 1090 adhuc
1944 1051 2039 1089 deor

1593 1119 1681 1146 sum
1701 1106 1845 1145 adcede
1866 1111 1903 1144 et
1923 1104 2065 1144 confu-

1593 1161 1694 1200 daris

1595 1215 1635 1253 Si
1654 1221 1783 1253 autem
1802 1214 1843 1252 in
1863 1213 1950 1253 loco
1969 1212 2047 1252 infe

1592 1270 1692 1309 riore
1711 1269 1930 1307 recubueris

1592 1330 1631 1363 et
1651 1323 1914 1374 superuenerit
1932 1321 1986 1360 hu

1592 1378 1718 1416 milior
1737 1384 1774 1416 te
1794 1376 1886 1415 dicit
1906 1376 1972 1414 tibi

1593 1433 1659 1484 qui
1677 1439 1713 1470 te
1733 1431 1889 1470 uocabit
1907 1430 1956 1468 ad
1976 1442 2022 1468 ce

1594 1499 1686 1525 nam
1705 1486 1800 1524 adce
1819 1484 1944 1523 adhuc
1964 1496 2009 1522 su

1594 1542 1721 1592 perius
1740 1546 1776 1578 et
1795 1540 1864 1578 erit
1884 1539 1959 1577 hoc
1979 1537 2048 1576 tibi

1595 1595 1721 1634 utilius

1595 1734 1748 1774 wlrlr²⁹
1762 1734 1821 1773 Et
1835 1732 2098 1784 egredientibus

1596 1791 1669 1829 illis
1689 1791 1740 1828 ab
1759 1789 1901 1828 iericho
1921 1800 2012 1827 secu

1597 1852 1636 1884 ta
1654 1852 1713 1883 est
1731 1856 1822 1883 eum
1841 1843 1954 1882 turba
1972 1841 2053 1880 mul

1597 1906 1637 1938 ta
1957 1894 2096 1950 [sede··

1597 1953 1684 1991 ⁸⁰Et
1730 1964 1823 1991 ecce
1870 1950 1950 1989 duo
1996 1949 2101 1989 caeci

1598 2014 1655 2046 tes
1675 2019 1785 2045 secus
1805 2006 1908 2043 uiam
1929 2004 2020 2043 audi

1599 2068 1709 2100 erunt
1728 2059 1835 2111 quod
1855 2059 1916 2097 ihs
1935 2066 2021 2097 tran

1599 2116 1647 2155 sit
1663 2114 1979 2154 exclamauerunt

1600 2171 1774 2208 dicentes
1794 2169 1972 2206 miserere

1600 2225 1714 2263 nobis
1733 2223 1785 2261 fili
1804 2221 1921 2260 dauid

1600 2278 1628 2300 ⁸¹
1637 2278 1771 2317 Turba
1790 2283 1919 2315 autem
1938 2275 2044 2314 incre

1600 2333 1745 2383 pabant
1764 2343 1831 2369 eos
1850 2336 1892 2369 ut
1910 2335 2084 2368 tacere-t

1602 2387 1651 2425 ad
1670 2386 1721 2424 illi
1739 2386 1865 2435 magis
1884 2384 2009 2422 clama

1601 2442 1693 2479 bant
1712 2439 1882 2478 dicentes
1901 2438 1998 2475 mise

1602 2507 1685 2533 rere
1704 2493 1815 2532 nobis
1835 2492 1911 2531 dfie
1931 2491 1983 2529 fili

1602 2548 1718 2587 dauid

1602 2602 1688 2641 32Εῐ
1707 2602 1808 2641 stetit
1827 2601 1885 2638 ihs
1900 2606 1937 2639 et
1950 2598 2103 2637 uocauit

1603 2669 1670 2696 eos
1689 2664 1727 2695 et
1746 2657 1797 2694 ait
1816 2655 1890 2693 illis
1909 2654 2004 2704 quid

1603 2711 1717 2750 uultis
1735 2717 1776 2749 ut
1795 2709 1935 2748 faciam
1957 2718 2009 2746 uo

1603 2766 1663 2804 bis

1602 2819 1782 2858 ⁸³Dicunt
1802 2817 1855 2856 illi
1875 2817 1950 2856 dfie
1970 2822 2012 2854 ut
2031 2827 2105 2866 ape

1603 2875 1748 2912 riantur
1766 2872 1866 2912 oculi
1886 2883 1958 2909 nos

1603 2928 1651 2967 tri
1823 2926 1851 2947 ³⁴
1861 2926 2036 2963 misertus
2055 2935 2104 2962 au

1604 2988 1684 3020 tem
1703 2980 1774 3019 illis
1793 2980 1852 3019 ihs
1871 2978 2001 3028 tetegit

2125 347 2271 387 Oculos
2289 359 2425 386 eorum
2444 354 2482 386 et
2500 353 2578 386 eo-

2124 402 2251 440 festim
2270 402 2450 440 uiderunt
2469 408 2507 440 et
2526 413 2568 440 se

2124 456 2200 494 cuti
2220 463 2308 494 sunt
2328 468 2418 494 eum

2123 518 2175 546 Lx
2195 510 2256 546 21¹
2289 510 2348 548 Et
2376 522 2458 548 cum
2491 509 2626 559 adpro-

2443 562 2626 617 [pinquas

2125 623 2183 656 set
2201 617 2479 668 iherosolomys

2124 677 2163 710 et
2180 672 2350 710 uenisset
2368 673 2408 710 in
2427 672 2519 711 beth

2125 725 2212 775 fage
2232 726 2271 763 in
2290 733 2465 765 montem

2124 780 2258 818 oliueti

2126 833 2244 872 Tunc
2263 833 2322 872 ihs
2340 833 2442 872 misit
2457 832 2556 872 duos
2570 832 2628 872 dis

2125 886 2275 938 cipulos
2295 899 2387 926 suos
2406 887 2560 926 ²dicens

2126 942 2177 981 ite
2198 942 2236 980 in
2257 942 2457 980 castellum
2475 939 2581 992 quod

2127 1002 2262 1035 contra
2280 1008 2353 1035 uos
2371 1003 2428 1034 est
2445 1002 2484 1035 et
2503 1002 2581 1034 co-

2126 1050 2254 1089 festim
2273 1050 2476 1089 inuenietis

2127 1105 2276 1143 asinam
2295 1105 2492 1155 alligatam

2127 1164 2166 1197 et
2185 1159 2333 1209 pullum
2353 1171 2442 1197 cum
2463 1170 2510 1197 ea

2127 1212 2262 1251 soluite
2281 1219 2320 1251 et
2339 1212 2518 1251 adducite

2127 1266 2220 1304 mihi
2284 1267 2341 1304 ³et
2361 1267 2392 1305 si
2412 1266 2498 1317 quis
2516 1266 2630 1305 uobis

2128 1320 2273 1371 aliquid
2291 1321 2425 1359 dixerit
2445 1321 2521 1359 dici

2128 1381 2165 1414 te
2187 1375 2277 1425 quia
2296 1375 2381 1414 dms
2401 1386 2562 1424 operam

2128 1441 2264 1468 eorum
2283 1428 2473 1468 desiderat

2086 1494 2089 1496 ·
2128 1489 2168 1521 et
2186 1482 2390 1522 confestim
2409 1483 2520 1522 remit

2129 1543 2183 1575 tet
2201 1549 2271 1575 eos

2128 1591 2243 1629 ⁴Hoc
2263 1597 2391 1629 autem
2412 1590 2556 1629 sactum

2129 1651 2188 1684 est
2208 1650 2250 1683 ut
2270 1645 2476 1696 inpleretur

2131 1731 2254 1779 Quod
2274 1731 2419 1770 dictum
2438 1737 2496 1769 est

2131 1799 2202 1838 per
2220 1785 2408 1836 profetam
2428 1785 2542 1823 dicen

2132 1848 2212 1880 tem
2322 1839 2455 1878 “dicite
2475 1839 2574 1877 filiae

2186 1895 2271 1933 sion
2291 1906 2382 1932 ecce
2400 1905 2466 1932 rex
2486 1899 2574 1931 tuus

2188 1949 2294 1987 uenit
2312 1948 2381 1986 tibi
2400 1958 2539 1985 mansu

2188 2010 2271 2041 etus
2290 2002 2429 2040 sedens
2449 2012 2566 2051 super

2188 2057 2336 2096 asinam
2355 2062 2393 2093 et
2411 2055 2558 2105 pullum

2187 2111 2384 2149 nouellum
2404 2109 2518 2148 subiu

2188 2164 2317 2215 galem

2133 2219 2303 2258 ⁶Euntes
2320 2224 2449 2257 autem
2470 2216 2566 2256 disci

2133 2274 2214 2324 puli
2233 2273 2402 2311 fecerunt
2422 2272 2521 2310 sicut

2134 2327 2307 2378 precepit
2326 2326 2398 2363 illis
2417 2325 2476 2363 ihs
2495 2324 2555 2362 ⁷et
2574 2323 2625 2362 ad

2135 2381 2327 2420 duxerunt
2346 2380 2495 2418 asinam
2513 2385 2552 2416 et

2134 2435 2284 2486 pullum
2304 2439 2342 2472 et
2362 2434 2606 2486 inposueruss

2135 2501 2250 2540 super
2267 2499 2357 2526 eum
2376 2487 2567 2526 uestime-

2134 2550 2174 2582 ta
2192 2549 2230 2581 et
2250 2543 2408 2581 sedebat
2428 2552 2540 2591 super
2554 2547 2632 2580 eu-

2134 2598 2195 2636 ihs

2136 2650 2329 2690 ⁸Plurima
2346 2655 2476 2688 autem
2494 2655 2556 2687 tur

2137 2707 2189 2745 ba
2208 2705 2494 2743 substrauerunt

2138 2759 2367 2799 uestimenta
2387 2768 2457 2795 sua
2475 2755 2516 2792 in

2138 2814 2201 2852 uia
2219 2812 2281 2850 alii
2301 2818 2429 2849 autem
2449 2808 2543 2847 cede

2138 2869 2232 2905 bant
2250 2876 2379 2903 ramos
2397 2863 2446 2902 de
2465 2863 2561 2900 arbo

2138 2922 2242 2959 ribus
2261 2926 2299 2958 et
2317 2922 2533 2957 strauerunt

2138 2974 2177 3012 in
2197 2974 2259 3012 uia
