2820 3334
273 227 297 254 1.
321 211 440 267 ηε]
507 211 924 253 EUANGELIUM
943 213 1056 253 SEC

274 302 358 333 1⁸01.
374 303 431 333 91.

274 345 310 383 1¹
333 344 515 391 Quoniam
535 345 678 394 quidem

274 400 388 438 mulli
400 401 527 437 conati
538 404 628 438 sunt

272 454 450 492 ordinare
467 467 593 492 rerum

272 510 529 547 narrationem
548 521 641 558 quae

272 563 313 600 in
331 563 434 601 noblis·
453 564 609 613 conplete

273 623 362 655 sunt
380 617 499 656 ²sicut
519 616 665 656 tradide

272 678 360 709 runt
379 672 492 710 nobis
513 672 578 722 qui
598 673 649 710 ab
667 670 722 710 ini

271 726 327 764 tio
346 726 419 776 ipsi
439 726 617 764 uiderunt
636 732 675 764 et

272 780 435 819 ministri
455 780 608 818 fuerunt

273 835 464 873 sermonis
484 835 630 872 ³uisum
649 841 708 873 est

271 896 310 927 et
330 889 424 926 mihi
443 889 628 928 adsecuto
648 901 671 927 a

272 943 460 993 principio
479 943 610 982 omnia
629 943 669 982 di

271 997 434 1047 ligenter
452 1010 500 1036 ex
519 998 656 1036 ordine

271 1052 341 1089 tibi
361 1053 526 1090 scribere
545 1052 694 1102 optime

271 1106 440 1155 theopile
460 1106 522 1143 ⁴ut
542 1118 691 1156 cognos

271 1172 337 1198 cas
356 1172 491 1198 eorum
510 1161 632 1198 uerbo

271 1226 358 1252 rum
378 1215 427 1252 de
447 1214 586 1264 quibus
605 1226 674 1252 eru

270 1268 372 1306 ditus
391 1274 448 1306 est
467 1269 671 1306 ueritatem

269 1327 313 1360 1⁵
329 1322 427 1360 Fuit
443 1324 483 1360 in
502 1323 625 1361 diebus
642 1323 731 1360 hero

269 1377 329 1415 dis
349 1378 449 1428 regis
468 1377 604 1415 iudeae
624 1389 667 1416 sa

269 1432 405 1470 cerdos
424 1431 582 1482 quidam
602 1444 656 1470 no

267 1487 373 1524 mine
392 1486 611 1525 zaccharias

269 1540 318 1578 de
337 1542 423 1579 uice
442 1541 531 1578 auia
549 1546 588 1578 et
606 1552 706 1579 uxor

269 1594 323 1632 illi
342 1595 390 1633 de
409 1595 561 1634 filiabus
581 1606 702 1633 aaron

268 1736 328 1775 Et
343 1749 469 1775 nomen
486 1737 578 1775 elisa

269 1791 326 1830 bel
341 1792 471 1829 6εναηί
485 1795 603 1829 autem

268 1846 373 1884 ambo
392 1846 486 1883 iusti
500 1850 584 1883 ante

268 1900 329 1938 dm
350 1901 542 1938 incidentes
561 1901 603 1937 in

268 1955 435 1993 omnibus
454 1955 594 1992 manda

267 2009 316 2047 tis
336 2015 374 2046 et
393 2008 652 2047 iustificationi

268 2064 341 2101 bus
361 2063 427 2101 dni
465 2063 548 2101 sine
568 2075 643 2113 que

267 2117 362 2156 rella
396 2117 455 2155 ⁷et
475 2128 556 2156 non
576 2124 657 2156 erat

266 2171 339 2210 illis
357 2171 455 2210 filius
475 2184 523 2210 eo
543 2171 650 2222 quod

267 2232 368 2264 esset
388 2226 572 2264 elisabeht
592 2232 649 2264 ste

267 2281 355 2319 relis
374 2287 412 2318 et
431 2281 549 2319 ambo
567 2292 704 2330 proces

268 2335 408 2383 sierant
427 2335 467 2372 in
487 2335 624 2374 diebus
644 2335 724 2375 suis

268 2388 450 2427 ⁸Factum
469 2395 527 2427 est
547 2396 677 2427 autem

267 2455 358 2481 cum
378 2444 594 2482 sacerdotio
614 2444 683 2481 fu-

267 2503 420 2546 geretur
439 2498 632 2536 zaccarias

266 2551 307 2589 in
326 2551 460 2589 ordine
480 2551 573 2589 uicis
593 2564 685 2589 suae

267 2612 356 2643 ante
377 2605 469 2643 dom
488 2604 557 2643 dm
576 2605 717 2644 ‘’secu-

267 2660 361 2698 dum
380 2659 688 2697 consuetudine*

267 2713 457 2752 sacerdoti
477 2719 581 2751 sorte
600 2713 690 2751 exiit

266 2774 309 2806 ut
328 2768 529 2806 incensum
550 2779 653 2818 pone

266 2829 324 2861 ret
343 2828 381 2860 et
399 2821 595 2869 ingressus
615 2822 655 2860 in

265 2876 456 2926 templum
475 2876 542 2914 dni
561 2875 661 2915 l⁰om

267 2930 328 2969 nis
346 2930 551 2968 multitudo
571 2943 679 2981 popu

267 2984 292 3023 li
313 2986 449 3025 orabat
468 2984 559 3024 soris
577 2997 648 3024 ora

809 345 965 385 Incensi

809 400 1035 451 ”Apparuit
1050 406 1179 439 autem
1194 399 1244 438 illi
1260 412 1310 439 an

810 455 920 505 gelus
939 455 1019 494 dffii
1038 462 1145 494 stans
1165 468 1188 493 a
1207 455 1282 494 dex

810 510 878 548 tris
897 510 1024 548 altaris
1043 510 1190 548 incensi

809 563 881 602 12et
900 564 1038 603 uidens
1057 564 1230 603 zacchari

809 630 852 657 as
871 619 1045 657 turbatus
1065 624 1123 656 est
1141 625 1180 656 et
1198 619 1227 656 ti

808 685 895 711 mor
913 673 1050 712 cecidit
1070 685 1185 723 super

807 727 915 765 illum

807 781 891 819 ¹³Et
911 781 963 820 ait
982 781 1032 820 ad
1052 780 1158 819 illum
1179 793 1280 832 ange

807 836 866 874 lus
887 836 954 874 dfii
974 836 1106 874 dicens
1125 848 1174 874 ne
1194 836 1222 874 ti
1245 874 1251 878 ,

806 903 914 929 meas
933 891 1154 929 zaccharias

806 945 994 995 quoniam
1013 957 1103 984 ecce
1123 946 1176 989 ob

806 1000 970 1038 secratio
990 1006 1057 1038 tua
1077 1000 1206 1038 audita

806 1060 864 1092 est
945 1061 983 1092 et
1001 1066 1102 1092 uxor
1120 1061 1187 1092 tua
1206 1054 1255 1092 eli

806 1107 942 1146 sabeth
963 1109 1085 1159 pariet
1104 1109 1172 1147 tibi
1192 1108 1217 1146 fi

805 1162 899 1200 lium
919 1171 956 1200 et
975 1163 1136 1202 uocabis
1156 1175 1208 1201 no

806 1228 898 1254 men
917 1217 999 1255 eius
1019 1217 1230 1255 iohannem

805 1270 878 1308 1⁴*et
897 1272 966 1308 erit
985 1271 1171 1321 gaudium
1191 1271 1260 1309 tibi

805 1331 843 1363 et
861 1325 1047 1364 exultatio
1066 1334 1104 1363 et
1123 1325 1203 1363 mul

804 1380 832 1417 ti
851 1380 891 1417 in
910 1380 1078 1418 nauitate
1098 1381 1180 1418 eius
1199 1392 1277 1431 gau

804 1434 950 1472 debunt
987 1434 1092 1472 ¹⁵erit
1111 1435 1216 1473 enim

803 1501 971 1538 magnus
990 1501 1122 1527 coram
1142 1489 1221 1528 dno

804 1550 842 1581 et
860 1543 994 1581 uinum
1015 1550 1052 1580 et
1072 1544 1193 1582 sicera

805 1609 887 1636 non
908 1598 1012 1636 bibet
1031 1604 1069 1636 et
1089 1601 1163 1647 spu
1183 1602 1251 1636 seo

805 1739 1034 1790 Replebitur
1053 1739 1179 1779 adhuc

803 1807 852 1833 ex
872 1801 983 1833 utero
1002 1795 1135 1834 matris
1155 1806 1247 1833 suae

804 1849 875 1887 ¹⁶et
895 1849 1037 1888 multos
1058 1850 1223 1888 filiorum

803 1903 958 1942 istrahel
978 1910 1179 1942 conuertet

803 1958 853 1996 ad
874 1958 966 1996 dom
985 1957 1053 1996 dm
1074 1958 1248 2008 ipsorum

803 2011 876 2050 1''et
895 2013 976 2062 ipse
997 2012 1179 2063 precedet
1199 2025 1249 2050 an

802 2072 840 2104 te
860 2067 965 2104 illum
985 2067 1025 2104 in
1045 2070 1117 2117 spu
1138 2073 1176 2105 et
1196 2067 1255 2105 uir

802 2127 882 2159 tute
901 2121 1023 2160 heliae
1042 2128 1173 2160 autem

801 2181 844 2213 ut
864 2182 1065 2214 conuertat
1085 2188 1153 2215 cor

802 2229 853 2268 da
871 2236 1026 2279 patrum
1046 2230 1085 2268 in
1106 2230 1205 2269 filios

802 2290 840 2321 et
859 2284 1092 2322 incredibilis
1112 2284 1162 2322 ad
1181 2296 1255 2335 pru

802 2338 972 2376 dentiam
993 2339 1181 2377 iustorum

801 2405 936 2443 parare
957 2393 1036 2431 dfio
1056 2393 1210 2444 plebem

801 2446 1009 2497 perfectam

801 2500 886 2539 1⁸Et
905 2501 1000 2539 dixit
1018 2500 1238 2541 zaccharias
1253 2501 1303 2540 ad

801 2555 980 2605 angelum
1002 2556 1107 2594 unde
1127 2556 1202 2595 hoc

802 2610 922 2648 sciam
942 2621 1016 2659 ego
1036 2610 1139 2648 enim
1160 2616 1234 2648 su-

801 2674 920 2701 senex
940 2670 977 2701 et
996 2675 1096 2702 uxor
1117 2676 1203 2703 mea

800 2717 986 2766 processit
1004 2718 1045 2755 in
1065 2717 1203 2756 diebus

800 2782 879 2808 suis

800 2824 886 2862 ¹⁹Et
905 2824 1102 2874 respondit
1122 2824 1285 2875 angelus

801 2884 839 2916 et
858 2878 951 2917 dixit
970 2879 1006 2916 ei
1026 2891 1100 2928 ego
1122 2880 1226 2918 enim

801 2938 890 2971 sunt
910 2933 1070 2983 angelus
1090 2934 1201 2982 grabi

800 2987 836 3026 el
856 2987 923 3038 qui
943 2987 1054 3027 adsto
1073 2987 1167 3026 dom

1791 214 2090 255 LUCANUM
2368 228 2417 267 47

1382 302 1466 334 Fol.
1483 303 1544 333 92.

1379 345 1431 383 Et
1449 346 1588 385 missus
1607 357 1693 384 sum
1714 346 1821 397 loqui

1379 400 1429 438 ad
1449 406 1486 438 te
1506 407 1544 438 et
1563 401 1660 439 haec
1681 401 1747 439 tibi
1767 408 1869 440 eua-

1379 454 1542 503 gelizare
1585 456 1658 493 2⁰et
1677 468 1768 494 ecce
1789 457 1863 495 eris

1378 515 1512 547 tacens
1531 517 1569 547 et
1588 522 1667 549 non
1688 517 1780 560 pote

1378 564 1429 601 ris
1449 563 1555 613 loqui
1575 576 1697 614 usque
1717 565 1757 602 in
1777 565 1868 603 die-

1378 629 1457 667 quo
1477 618 1574 657 haec
1593 619 1659 657 fiat
1679 625 1838 669 propter

1378 672 1452 710 hoc
1472 684 1554 710 non
1575 673 1727 711 credisti
1747 686 1815 711 uer

1377 727 1436 764 bis
1456 727 1552 765 meis
1571 740 1647 778 que
1666 728 1854 778 inplebun

1378 787 1439 818 tur
1458 781 1498 818 in
1517 788 1694 832 tempore
1715 794 1788 820 suo

1378 835 1462 873 21Εῖ
1488 842 1570 874 erat
1599 836 1710 888 plebs
1738 849 1881 887 expec-

1774 889 1881 945 [tans

1378 943 1618 983 zacchariam
1638 952 1676 983 et
1695 946 1749 983 mi

1378 1000 1562 1037 rabantur
1581 1000 1689 1050 quod
1708 1007 1766 1038 tar

1378 1053 1486 1091 daret
1504 1054 1587 1104 ipse
1607 1055 1646 1092 in
1666 1055 1813 1105 templo

1378 1107 1603 1158 ²²Egressus
1622 1116 1750 1147 autem
1770 1109 1833 1147 ille

1378 1174 1459 1200 non
1479 1169 1631 1212 poterat
1650 1163 1754 1213 loqui
1774 1164 1825 1202 ad

1377 1216 1461 1255 illos
1481 1223 1519 1254 et
1539 1224 1807 1267 cognouerunt

1377 1271 1483 1321 quod
1504 1271 1652 1310 uisione
1673 1273 1770 1310 uidis

1378 1333 1436 1364 set
1455 1326 1495 1363 in
1515 1326 1662 1376 templo
1683 1333 1720 1364 et
1740 1327 1825 1376 ipse

1377 1386 1459 1418 erat
1478 1392 1626 1419 annues
1646 1381 1717 1419 illis
1737 1388 1776 1419 et

1378 1435 1590 1483 permansit
1610 1442 1739 1473 mutus

1376 1487 1462 1526 ²⁸Et
1481 1489 1626 1527 factum
1647 1496 1705 1528 est
1719 1496 1762 1527 ut
1777 1489 1879 1540 inple

1376 1543 1403 1581 ti
1423 1550 1512 1582 sunt
1532 1544 1613 1583 dies
1633 1545 1684 1582 illi
1704 1545 1819 1583 officii

1375 1598 1466 1636 abiit
1485 1599 1524 1636 in
1544 1599 1707 1637 domum
1728 1604 1826 1637 sua-

1375 1653 1489 1692 24Ροε
1497 1653 1705 1692 hosautern
1714 1653 1880 1692 dieseo-

1376 1739 1489 1790 Cepit
1508 1740 1695 1779 elisabeht

1373 1806 1472 1832 uxor
1490 1795 1573 1833 eius
1593 1801 1631 1833 et
1651 1795 1763 1833 occul

1374 1850 1482 1887 tabat
1501 1861 1542 1887 se
1562 1850 1760 1887 mensibus

1373 1903 1546 1953 quinque
1566 1903 1698 1941 dicens
1718 1903 1849 1954 ²⁵quid
1873 1914 1876 1915 ’

1373 1957 1468 1995 mihi
1488 1958 1542 1996 sic
1562 1957 1650 1996 fecit
1670 1958 1757 1997 dms

1373 2012 1413 2050 in
1434 2012 1569 2050 diebus
1589 2012 1728 2063 quibus
1747 2024 1809 2052 res

1373 2067 1479 2116 pexit
1499 2066 1647 2104 auferre
1667 2067 1794 2117 obpro

1373 2121 1500 2159 brium
1520 2133 1652 2159 meum
1671 2121 1711 2159 in

1372 2181 1431 2212 ter
1448 2175 1617 2213 hominis

1371 2229 1561 2267 ²⁶Eodem
1579 2236 1710 2268 autem
1730 2235 1809 2268 tem

1314 2290 1318 2292 “
1372 2296 1466 2334 pore
1486 2284 1628 2323 missus
1647 2290 1705 2322 est
1725 2296 1775 2322 an

1371 2338 1480 2388 gelus
1500 2338 1645 2389 grabiel
1665 2351 1688 2376 a
1707 2338 1787 2377 dfio

1370 2393 1411 2431 in
1431 2394 1628 2431 ciuitatem
1647 2393 1761 2442 galile

1371 2460 1416 2485 ae
1437 2448 1498 2485 cui
1518 2459 1665 2485 nornen
1685 2460 1782 2486 naza

1371 2508 1428 2539 ret
1446 2501 1532 2539 ²⁷ad
1550 2502 1742 2551 uirginem

1371 2556 1643 2606 desponsatam
1662 2556 1746 2593 uiro

1369 2610 1430 2648 cui
1451 2621 1597 2648 nomen
1616 2616 1697 2648 erat
1716 2611 1755 2648 io

1371 2663 1468 2713 seph
1523 2663 1571 2701 de
1592 2663 1713 2701 domo
1733 2663 1783 2701 da

1370 2717 1436 2755 uid
1491 2723 1529 2755 et
1549 2729 1694 2756 nomen
1714 2718 1773 2755 uir

1369 2771 1470 2820 ginis
1489 2771 1611 2809 maria

1368 2824 1455 2862 2⁸Et
1474 2825 1668 2875 ingressus
1687 2824 1737 2862 ad
1757 2837 1803 2864 ea

1369 2880 1530 2929 angelus
1549 2879 1747 2917 benedixit

1369 2945 1457 2971 eam
1512 2939 1551 2971 et
1570 2932 1664 2971 dixit
1683 2933 1735 2972 illi

1370 2987 1471 3027 habe
1490 2987 1652 3038 gratiam
1673 2987 1737 3037 ple

1917 346 1981 386 Na
2001 347 2088 387 dffis
2107 354 2237 386 tecum
2257 349 2306 387 be

1917 402 2072 441 nedicta
2090 409 2132 441 tu
2151 403 2248 441 inter
2266 415 2333 441 mu

1916 457 2027 495 lieres

1915 510 2042 561 ²⁹Ipsa
2061 519 2192 549 autern
2212 518 2254 550 ut
2274 511 2367 550 uidit

1915 578 2006 603 eum
2026 573 2134 604 mota
2153 573 2210 605 est
2229 567 2269 604 in

1916 620 2071 658 introitu
2091 621 2173 659 eius
2193 627 2231 659 et
2250 627 2332 659 erat

1914 676 2091 724 cogitans
2110 675 2219 725 quod
2239 676 2294 714 sic

1915 729 2174 767 benedixisset
2194 742 2280 767 eam

1915 783 2002 821 3⁰Et
2022 784 2074 821 ait
2093 784 2129 821 ei
2148 784 2308 833 angelus
2329 783 2396 822 dni

1916 850 1966 875 ne
1987 838 2123 876 timeas
2143 839 2263 877 maria

1915 892 2095 930 inuenisti
2113 894 2278 942 gratiam

1915 954 2008 997 aput
2027 947 2097 985 dm
2134 946 2206 985 ⁸¹et
2226 959 2319 986 ecce

1916 1001 2113 1051 concipies
2133 1001 2173 1039 in
2193 1008 2303 1040 utero

1915 1061 1953 1093 et
1972 1056 2099 1105 paries
2118 1056 2238 1094 filiurn
2258 1062 2296 1093 et

1914 1110 2075 1148 uocabis
2093 1122 2240 1148 nomen
2259 1110 2343 1148 eius

1914 1164 1996 1202 ihm
2033 1164 2130 1203 ⁸²hic
2151 1165 2221 1202 erit
2241 1177 2333 1215 mag

1916 1230 1989 1256 nus
2009 1224 2046 1256 et
2067 1219 2166 1256 filius
2187 1219 2303 1257 altissi

1915 1273 1969 1310 mi
1989 1274 2190 1312 uocabitur
2245 1280 2282 1311 et

1916 1327 2024 1364 dabit
2044 1327 2096 1365 illi
2116 1327 2202 1365 dffis
2222 1327 2269 1366 ds
2290 1339 2331 1366 se

1916 1381 2007 1419 dem
2027 1381 2145 1419 dauid
2165 1382 2282 1432 patris

1916 1436 1998 1474 eius
2019 1436 2091 1474 ⁸³et
2111 1437 2286 1486 regnauit
2306 1437 2347 1474 in

1916 1490 2078 1528 domum
2098 1491 2211 1529 iacob
2230 1491 2271 1528 in

1915 1551 2093 1583 eternum
2112 1551 2150 1583 et
2169 1558 2238 1594 reg

1915 1599 1956 1637 ni
1975 1600 2057 1638 eius
2077 1612 2157 1639 non
2177 1601 2247 1637 erit
2267 1599 2293 1637 fi

1914 1740 1986 1779 Nis

1912 1794 1942 1816 ³4
1949 1795 2057 1833 Dixit
2075 1802 2206 1833 autem
2225 1794 2348 1834 maria
2366 1795 2417 1834 ad

1913 1850 2095 1900 angelum
2115 1861 2264 1900 quomo

1911 1904 1964 1942 do
1985 1904 2050 1941 fiet
2069 1904 2171 1942 istud
2190 1916 2266 1954 ego
2286 1904 2378 1942 eni*

1911 1958 2044 1996 nescio
2063 1958 2189 1996 uirum

1911 2012 1998 2050 ⁸⁵Et
2018 2012 2219 2063 respondit
2238 2013 2401 2063 angelus

1911 2074 1950 2104 et
1969 2067 2065 2105 dixit
2085 2068 2120 2105 ei
2140 2070 2207 2116 sps
2227 2072 2289 2106 ses
2308 2080 2357 2105 ue

1911 2123 1990 2159 niet
2011 2133 2125 2171 super
2144 2129 2182 2159 te
2202 2128 2240 2159 et
2260 2123 2318 2160 uir

1910 2182 1971 2213 tus
1991 2176 2163 2214 altissimi
2183 2177 2305 2214 obum

1910 2231 2037 2268 brabit
2056 2243 2120 2268 me
2140 2230 2306 2281 ideoque

1909 2284 2018 2334 quod
2037 2291 2217 2323 nascetur
2237 2289 2321 2323 scm

1909 2339 2113 2378 uocabitur
2133 2339 2230 2377 filius
2249 2339 2290 2377 di

1908 2393 1995 2431 ³⁶Et
2014 2405 2106 2431 ecce
2130 2392 2315 2431 elisabeth
2339 2405 2415 2444 cog

1908 2454 2000 2485 nata
2019 2454 2085 2485 tua
2104 2453 2141 2484 et
2161 2448 2244 2497 ipsa
2264 2460 2341 2486 con

1909 2502 2011 2551 cepit
2031 2502 2070 2538 in
2091 2507 2319 2539 senectute·-

1909 2568 1978 2593 sua
1997 2555 2120 2592 filiurn
2139 2561 2177 2593 et
2196 2555 2258 2594 hic
2278 2561 2371 2594 me-

1908 2610 1959 2647 sis
1979 2616 2037 2647 est
2056 2615 2187 2647 xestus
2207 2616 2263 2648 est
2282 2609 2356 2648 illis

1906 2675 1982 2714 que
2002 2663 2216 2702 uocabatur
2235 2670 2294 2702 ste

2314 2727 2348 2749 ln

1905 2760 1993 2798 reiis
2012 2759 2139 2811 ³⁷quia
2158 2773 2239 2799 non
2259 2769 2317 2800 est
2337 2774 2411 2813 pos

1905 2814 2013 2853 sibile
2034 2814 2087 2854 do
2107 2827 2224 2854 omne
2244 2828 2313 2854 uer

1905 2869 2001 2907 bum

1905 2922 2048 2961 ³⁸Dixit
2069 2929 2201 2961 autem
2225 2925 2346 2964 maria
2365 2937 2409 2963 ec

1905 2990 1950 3017 ce
1969 2978 2109 3016 ancilla
2128 2977 2194 3016 dfii
2214 2991 2291 3017 con

1905 3032 2029 3083 tingat
2048 3032 2141 3070 mihi
2162 3045 2282 3072 secun

2250 3100 2300 3126 xU
