2866 3346
474 230 526 257 20
716 215 1133 255 EUANGELIUM
1160 216 1272 257 SEC

473 306 557 336 1¹01.
573 307 634 337 39.

475 348 853 399 Tuncpilatusiussit
864 346 972 387 reddi
1007 347 1132 386 Maria
1151 348 1283 387 uidere
1302 347 1411 398 sepul

474 415 616 453 corpus
1005 402 1145 440 chrum

425 478 431 483 ·
474 458 503 479 ⁶⁹
514 457 565 496 Et
583 469 673 496 cum
692 456 905 507 adcepisset
1006 455 1078 494 ²Et
1097 468 1189 495 ecce
1209 462 1307 495 terre
1326 462 1454 495 motus

819 509 973 563 [ioseph
1006 510 1125 549 factus
1145 517 1201 549 est
1219 523 1386 561 magnus

473 577 613 615 corpus
632 565 698 603 ihu
726 564 891 602 inuoluit
1006 565 1167 615 angelus
1185 571 1314 604 autem
1334 564 1413 603 dmi

473 619 567 657 illud
587 620 626 656 in
646 619 810 658 sindone
830 630 926 656 mun
1007 618 1205 658 descendit
1225 619 1273 658 de
1293 619 1402 658 caelo

473 674 523 712 da
535 673 607 711 ⁶⁰et
619 674 843 723 posuiteum
856 673 894 710 in
906 684 973 711 mo
1007 679 1045 711 et
1064 673 1258 712 adcedens
1277 673 1410 712 reuolu

473 733 662 765 numento
683 740 754 766 suo
774 739 881 766 nouo
998 727 1032 771 ,it
1051 728 1218 778 lapidem
1237 734 1275 766 et
1295 728 1454 766 sedebat

473 781 577 831 quod
597 781 790 820 exciderat
809 782 848 819 in
867 793 935 820 mo
1005 793 1119 831 super
1138 794 1227 820 eum

473 842 661 875 numento
681 848 752 874 suo
771 847 876 874 nouo
1005 835 1118 874 8Erat
1138 842 1267 874 autem
1286 841 1464 886 aspectus

474 890 581 940 quod
601 890 793 929 exciderat
813 889 853 926 in
873 901 923 939 pe
1006 890 1088 928 eius
1108 890 1205 929 sicut
1223 890 1346 940 fulgor
1365 897 1403 928 et

472 950 531 982 tra
596 951 634 982 et
653 944 827 982 aduoluit
845 950 970 982 saxu*
1004 944 1236 983 uestimenta
1255 945 1335 982 eius
1353 951 1427 982 ca-

474 1010 662 1048 magnum
682 998 732 1037 ad
752 999 893 1036 ostium
1005 998 1096 1036 dida
1116 999 1211 1036 sicut
1229 998 1296 1036 nix
1315 998 1359 1036 4a
1379 998 1473 1036 timo

473 1053 713 1091 monumenti
732 1058 770 1090 et
789 1052 881 1089 abiit
1004 1065 1046 1090 re
1066 1058 1196 1090 autem
1217 1053 1298 1090 eius
1321 1064 1398 1090 con

471 1105 598 1144 ⁶¹Erat
616 1113 744 1144 autem
764 1106 816 1144 ibi
835 1105 955 1144 maria
1004 1107 1099 1144 moti
1119 1113 1207 1145 sunt
1227 1107 1293 1156 qui
1313 1112 1424 1144 custo

472 1159 727 1210 magdelenae
746 1166 784 1198 et
804 1160 877 1198 alte
1005 1160 1162 1199 diebant
1181 1160 1270 1199 facti
1290 1167 1378 1199 sunt

471 1226 515 1252 ra
533 1214 654 1252 maria
673 1214 852 1253 sedentes
870 1221 946 1253 co·

472 1274 530 1306 tra
551 1267 795 1318 sepulchrum

471 1322 637 1361 ⁶²Altera
656 1329 784 1361 autem
805 1322 866 1360 die
885 1334 962 1373 que

473 1383 531 1415 est
550 1382 641 1426 post
660 1388 898 1426 parasceuen

474 1430 755 1470 Conuenerunt
772 1431 895 1481 princi

472 1497 542 1535 pes
562 1485 808 1523 sacerdotum
828 1491 864 1523 et
884 1484 961 1533 pha

473 1539 562 1578 risei
581 1539 631 1577 ad
651 1540 810 1589 pilatum
827 1538 976 1578 “dicen

474 1599 531 1631 tes
551 1593 641 1632 dffie
659 1593 905 1632 rememorati

474 1659 608 1686 sumus
627 1648 729 1698 quod
748 1647 930 1686 seductor

1005 1214 1104 1253 sicut
1122 1215 1264 1253 mortui

1004 1268 1283 1319 5Respondens
1302 1275 1434 1307 autem

1005 1323 1165 1373 angelus
1185 1323 1280 1361 dixit
1300 1323 1392 1361 muli

1006 1378 1135 1415 eribus
1155 1377 1272 1415 nolite
1292 1378 1384 1416 time

1005 1444 1046 1470 re
1066 1443 1138 1470 uos
1158 1431 1238 1469 scio
1259 1431 1364 1470 enim

1006 1485 1112 1536 quod
1131 1485 1211 1523 ihm
1231 1486 1297 1536 qui
1317 1485 1418 1524 cruci

1007 1540 1107 1578 fixus
1126 1546 1182 1578 est
1201 1540 1358 1589 queritis

1007 1594 1108 1633 ⁶non
1127 1601 1185 1633 est
1204 1594 1265 1633 hic
1284 1606 1431 1632 resurre

1009 1735 1077 1774 Xit
1095 1747 1119 1773 a
1137 1735 1299 1773 mortuis
1319 1735 1417 1773 sicut

1007 1789 1104 1827 dixit
1158 1789 1286 1827 uenite
1305 1795 1343 1827 et
1363 1789 1453 1827 uide

1007 1850 1045 1882 te
1063 1843 1193 1882 locum
1214 1843 1278 1881 ubi
1297 1843 1445 1893 positus

1008 1904 1090 1937 erat
1110 1898 1196 1936 dms
1216 1898 1274 1935 ⁷et
1293 1898 1369 1936 cito
1390 1909 1466 1935 eun

1008 1953 1054 1991 tis
1073 1952 1186 1990 dicite
1206 1951 1403 2002 discipulis
1426 1951 1507 1990 eius

1008 2006 1099 2058 quia
1118 2006 1282 2045 surrexit
1301 2018 1324 2044 a
1342 2017 1430 2044 mor

1007 2061 1080 2099 tuis
1099 2067 1137 2098 et
1156 2060 1335 2110 precedet
1353 2072 1425 2098 uos

1007 2115 1048 2153 in
1068 2114 1245 2163 galileam
1263 2114 1315 2152 ibi
1334 2126 1424 2152 eum

1008 2169 1188 2207 uidebitis
1207 2181 1297 2208 ecce
1317 2168 1397 2207 dixi

1010 2223 1123 2261 uobis

1009 2277 1081 2315 8Εἰ
1099 2277 1274 2315 exierunt
1293 2276 1369 2314 cito
1388 2275 1437 2315 de

1010 2337 1266 2369 monumento
1285 2343 1376 2368 cum

1009 2385 1154 2435 gaudio
1173 2396 1317 2433 magno
1337 2396 1406 2422 cur

1010 2445 1138 2477 rentes
1157 2439 1332 2476 nuntiare
1352 2438 1410 2477 dis

1009 2493 1144 2543 cipulis
1164 2493 1245 2531 eius

1010 2547 1082 2585 ⁹Et
1100 2558 1190 2585 ecce
1210 2547 1269 2585 ihs
1289 2557 1496 2585 occurrens

1009 2601 1081 2639 illis
1100 2601 1232 2639 dicens
1252 2600 1391 2639 habete

1011 2655 1105 2694 Illae
1125 2662 1252 2694 autem
1273 2654 1433 2694 adcesse

1011 2716 1098 2748 runt
1117 2716 1155 2748 et
1175 2715 1378 2747 tenuerunt

1012 2764 1132 2815 pedes
1150 2764 1232 2802 eius
1251 2770 1288 2802 et
1307 2763 1426 2803 adora

1011 2824 1149 2856 uerunt
1168 2830 1258 2856 eum

1011 2872 1041 2895 ¹⁰
1049 2872 1162 2910 Tunc
1176 2872 1226 2910 ait
1239 2871 1312 2910 illis
1324 2871 1382 2910 ihs
1395 2871 1512 2911 nolite

1012 2926 1144 2964 timere
1164 2926 1213 2963 ite
1234 2926 1403 2965 nuntiate

1011 2980 1189 3018 fratribus
1208 2980 1304 3018 meis
1323 2986 1364 3018 ut

474 1734 547 1773 Ille
565 1734 659 1773 dixit
678 1746 768 1773 cum
788 1733 913 1773 adhuc

473 1789 621 1827 uiueret
640 1795 727 1839 post
746 1789 901 1827 tertium

474 1843 579 1882 diem
596 1855 796 1893 resurgam
814 1843 938 1882 ⁶⁴iube

475 1910 569 1947 ergo
590 1897 836 1947 sepulcrhum
857 1909 926 1936 cus

475 1952 588 1990 todiri
607 1963 730 2001 usque
749 1953 789 1989 in
809 1951 912 1990 diem

475 2006 628 2044 tertium
647 2018 696 2044 ne
716 2005 812 2044 forte
831 2018 880 2044 ue

475 2060 583 2098 niant
603 2060 779 2109 discipuli
798 2060 879 2098 eius
899 2066 937 2099 et

475 2113 647 2152 furentur
666 2126 754 2152 eum
775 2120 813 2152 et
832 2114 871 2152 di

476 2174 568 2207 cant
587 2168 690 2218 plebi
709 2169 801 2218 quia
822 2180 926 2207 surre

476 2222 532 2261 xit
553 2234 576 2260 a
594 2223 755 2260 mortuis
774 2229 811 2260 et
830 2223 900 2260 erit

476 2276 711 2314 nouissimus
731 2288 836 2315 error
854 2276 913 2326 pri

477 2342 522 2369 or
541 2330 658 2380 priori

477 2384 581 2423 ⁶⁵Ait
599 2385 651 2422 illi
671 2383 809 2434 pilatus
828 2384 978 2423 habetis

477 2439 657 2478 custodes
674 2439 725 2476 ite
744 2444 855 2477 custo

478 2493 556 2531 dite
576 2494 672 2531 sicut
692 2493 795 2531 scitis

478 2547 571 2585 ⁶⁶Illi
592 2554 720 2586 autem
740 2553 875 2585 euntes
894 2559 963 2586 mu

478 2602 631 2640 nierunt
651 2601 869 2651 sepulcrum

479 2655 674 2705 signantes
692 2655 863 2704 lapidem

479 2720 568 2747 cum
589 2710 815 2748 custodibus

479 2771 632 2799 LXXIIII
641 2762 699 2800 28¹
709 2763 978 2813 Uespereauls

479 2816 629 2854 sabbati
649 2828 724 2866 que
745 2817 891 2856 luciscit

479 2869 521 2908 in
540 2869 663 2920 prima
682 2871 919 2910 sabbatoru-

480 2924 587 2962 uenit
606 2924 728 2962 maria
746 2936 836 2975 mag

481 2977 639 3017 dalenae
658 2984 695 3017 et
713 2977 829 3017 altera

1790 215 1878 254 MA
1888 215 1929 254 T
1926 215 1967 254 T
1958 215 2004 254 E
2005 215 2100 255 UM
2167 213 2303 269 [xxvn.
2322 223 2524 262 58-xxvm.
2547 231 2598 254 20.

1574 304 1660 335 1¹01.
1672 305 1734 335 40.

1573 346 1675 385 Eant
1694 347 1734 384 in
1753 345 1932 396 galileam
1951 352 1988 385 et

1573 401 1624 439 ibi
1644 413 1707 438 me
1725 400 1912 439 uidebunt

1572 454 1598 476 ¹¹
1607 455 1705 505 Ipsis
1724 461 1853 493 autem
1875 453 2054 492 euntibus

1573 521 1662 547 ecce
1683 508 1842 559 quidam
1862 508 1909 546 de
1930 520 1999 546 cus

1572 563 1727 601 todibus
1746 574 1836 601 cum
1855 563 1965 600 uenis

1572 624 1630 655 set
1648 617 1687 654 in
1708 617 1858 655 ciuitate
1878 615 2014 654 nuntia

1571 677 1710 709 uerunt
1728 670 1968 721 principibus

1572 725 1815 764 sacerdotum
1833 725 1966 763 omnia

1573 792 1647 830 que
1667 780 1768 818 facta
1786 786 1876 817 sunt

1571 833 1657 871 ¹²Et
1677 833 1899 883 congregati
1918 844 2009 871 cum
2029 844 2071 871 se

1572 887 1746 926 nioribus
1766 887 1969 926 consilium

1572 947 1803 992 acceperunt
1886 948 1924 979 et
1942 952 2042 990 pecu

1573 996 1656 1034 nias
1671 996 1848 1045 copiosas
1869 995 1966 1033 dede

1572 1057 1661 1088 runt
1680 1050 1866 1088 militibus
1884 1049 2030 1087 ¹³dice“

1574 1110 1630 1142 tes
1650 1104 1763 1143 dicite
1783 1104 1873 1154 quia
1892 1103 1985 1141 disci

1573 1158 1650 1208 puli
1669 1159 1750 1196 eius
1773 1171 1846 1197 nos
1870 1164 2071 1196 tenuerunt

1573 1219 1611 1251 et
1629 1212 1740 1250 furati
1758 1220 1848 1250 sunt
1866 1224 1957 1251 eum

1574 1267 1687 1305 nobis
1706 1266 1985 1304 dormientibus

1573 1320 1602 1341 ¹⁴
1610 1327 1646 1359 et
1666 1320 1696 1358 si
1715 1320 1791 1359 hoc
1810 1320 1984 1358 auditum
2004 1319 2043 1358 fu

1574 1375 1645 1413 erit
1665 1387 1688 1412 a
1706 1374 1857 1424 preside
1875 1386 1946 1412 nos
1966 1386 2036 1423 per

1576 1428 1821 1467 suadebimus
1841 1429 1876 1466 ei
1896 1435 1934 1466 et
1954 1441 1995 1466 se

1575 1495 1688 1521 curos
1707 1494 1781 1521 uos
1799 1482 1983 1520 faciemus

1576 1537 1604 1558 ¹⁵
1610 1537 1734 1575 Adilli
1745 1543 1903 1586 accepta
1910 1537 2075 1586 pecunia

1576 1591 1750 1631 fecerunt
1768 1591 1866 1630 sicut
1884 1597 1993 1629 erant

1577 1733 1695 1773 Docti
1731 1739 1768 1772 et
1788 1733 2017 1784 diuulgatu-

1576 1795 1633 1827 est
1652 1789 1816 1827 uerbum
1836 1788 1938 1826 istud

1575 1849 1667 1892 aput
1686 1842 1821 1881 iudeos
1839 1854 1963 1893 usque

1575 1897 1615 1934 in
1634 1897 1867 1935 hodiernum

1575 1950 1803 1990 ¹⁶Undecim
1823 1957 1954 1990 autem
1973 1950 2031 1989 dis

1574 2005 1689 2055 cipuli
1709 2005 1885 2043 abierunt
1905 2006 1945 2043 in

1574 2059 1750 2109 galileam
1772 2060 1811 2096 in
1830 2066 1965 2098 monte

1574 2114 1640 2151 ubi
1659 2113 1907 2153 constituerat
1925 2113 1952 2151 il

1574 2168 1618 2206 lis
1639 2167 1697 2206 ihs
1717 2167 1804 2205 dffis

1575 2221 1662 2260 1'‘Et
1681 2234 1771 2260 cum
1786 2221 1972 2260 uidissent
1985 2233 2076 2260 eum

1577 2276 1833 2315 adorauerunt
1851 2276 1917 2326 qui

1576 2331 1666 2368 dam
1685 2336 1816 2369 autem
1835 2330 1969 2369 dubita

1576 2392 1715 2423 uerunt

1575 2438 1603 2460 ¹⁸
1611 2437 1660 2475 Et
1679 2438 1872 2477 adcedens
1890 2438 1950 2477 ihs
1969 2438 2058 2477 locu

1577 2499 1637 2530 tus
1656 2498 1712 2530 est
1731 2493 1786 2531 eis
1805 2493 1937 2531 dicens
2011 2493 2062 2531 da

1576 2552 1615 2585 ta
1634 2553 1691 2584 est
1709 2546 1801 2584 mihi
1821 2547 1950 2586 omnis
1969 2559 2021 2598 po

1576 2606 1695 2639 testas
1713 2601 1753 2638 in
1773 2601 1857 2639 celo
1876 2608 1913 2639 et
1932 2602 1971 2639 in
1992 2608 2049 2640 ter

1576 2666 1618 2693 ra
1636 2654 1804 2693 ¹⁹euntes
1822 2667 1915 2706 ergo
1935 2655 1988 2694 do

1577 2715 1661 2747 cete
1682 2709 1809 2747 omnis
1828 2717 1965 2760 gentes

1577 2763 1814 2813 baptizantes
1833 2776 1901 2803 eos
1919 2764 1959 2802 in

1579 2818 1736 2856 nomine
1755 2819 1873 2867 patris
1892 2825 1930 2856 et
1948 2818 1974 2855 fi

1578 2871 1604 2909 li
1624 2878 1661 2910 et
1679 2872 1734 2910 sci
1754 2875 1821 2921 sps
1839 2871 2059 2912 ²⁰docentes

1579 2937 1648 2964 eos
1668 2938 1821 2964 seruare
1841 2938 1973 2965 omma

1577 2991 1822 3030 quecumque
1842 2991 1934 3018 man

2103 345 2206 385 Daui
2225 345 2337 385 uobis
2355 353 2392 385 et
2412 358 2504 385 ecce

2103 412 2179 450 ego
2198 400 2403 440 uobiscum
2424 412 2511 439 sum

2105 455 2286 493 omnibus
2304 454 2439 493 diebus
2459 466 2543 504 usq·

2105 508 2155 546 ad
2174 509 2541 547 consummatione-

2105 563 2223 601 seculi
2331 574 2447 601 amen

2218 668 2483 708 EUANGEL

2202 829 2511 870 SECUNDU-

2219 992 2493 1031 MATHEU-

2226 1156 2352 1195 EXP
2367 1155 2501 1195 ·INC

2189 2055 2523 2096 EUANGELIu-

2204 2272 2281 2312 SE
2282 2271 2511 2313 CUNDU-

2206 2487 2387 2529 IOHAN
2391 2488 2427 2527 N
2430 2487 2512 2527 EM

2485 3044 2558 3072 U111
