2820 3334
475 205 528 243 68

476 293 559 323 1⁸01.
575 294 655 324 133.

477 335 605 383 ²⁹Qua
625 336 686 375 die
707 343 835 375 autem
855 334 948 374 exiit

476 389 532 428 lot
552 403 575 428 a
595 390 767 429 sodomis
800 390 896 440 pluit

476 445 607 494 ignem
629 445 677 483 de
697 444 804 483 caelo
838 450 876 481 et

475 498 641 549 perdidit
659 511 797 537 omnes
816 498 894 538 ³⁰se

476 553 646 591 cundum
667 553 764 591 haec
784 552 854 590 erit

476 606 517 645 in
537 606 597 645 die
619 606 670 644 fili
689 606 857 645 hominis

475 673 552 711 que
572 661 803 699 reuelabitur

475 715 559 753 ⁸¹In
579 715 643 753 illa
661 715 757 754 hora
777 715 842 765 qui
865 714 976 754 fuerit

475 769 517 807 in
536 775 637 808 tecto
657 777 695 808 et
714 782 809 808 uasa
827 770 910 808 eius

475 823 516 861 in
535 823 655 862 domo
674 836 755 862 non
774 824 916 862 descen

476 877 542 916 dat
560 878 693 916 tollere
712 878 817 916 illam
837 885 876 916 et

475 932 541 983 qui
561 932 600 970 in
620 945 713 982 agro
733 932 904 970 similiter

475 998 557 1024 non
576 986 707 1024 redeat
727 993 828 1024 retro
847 986 947 1024 ³²me

474 1052 605 1078 mores
625 1046 746 1079 estote
766 1040 898 1079 uxoris

474 1093 555 1132 loth

473 1147 752 1199 ³⁸Quicumque
759 1155 890 1187 autem
899 1161 974 1200 que

474 1202 575 1241 sierit
594 1203 765 1241 animam
785 1215 895 1241 suam

472 1257 622 1295 saluare
641 1257 774 1308 perdet
792 1269 880 1295 eam

471 1310 524 1351 Et
542 1311 777 1362 quicumque
798 1311 905 1362 perdi

474 1365 572 1404 derit
591 1365 696 1403 illam
715 1372 874 1416 propter

471 1431 535 1458 me
557 1419 704 1458 saluam
723 1420 835 1458 saciet
854 1419 880 1458 il

472 1473 550 1512 lam
732 1474 854 1512 ³⁴dico

471 1528 585 1567 uobis
603 1529 643 1566 in
662 1528 725 1567 illa
744 1535 864 1567 noctu

471 1588 586 1622 erunt
623 1582 701 1622 duo
721 1583 761 1621 in
780 1583 883 1622 lecto

471 1725 566 1752 uno·
603 1725 705 1752 unus
725 1713 821 1752 adsu

471 1774 598 1806 metur
617 1774 656 1806 et
675 1768 771 1806 alius
791 1781 832 1806 re

473 1821 664 1873 linquetur
701 1822 835 1861 ³⁵duae

471 1877 663 1915 molentes
682 1877 722 1914 in
741 1889 864 1915 unum

470 1942 549 1969 una
568 1930 790 1970 adsumetur

472 1991 510 2023 et
529 1997 608 2023 una
626 1986 861 2036 relinquetur

473 2039 552 2078 duo
572 2041 612 2077 in
631 2052 726 2089 agro
746 2052 847 2078 unus

471 2093 695 2131 adsumetur
714 2100 752 2132 et
771 2106 871 2132 unus

472 2146 709 2198 relinquetur

760 2211 782 2232 n

470 2244 556 2283 ”Et
575 2244 788 2296 respondes
807 2244 895 2284 dixe

471 2306 561 2337 runt
579 2299 632 2337 illi
652 2300 717 2338 ubi
738 2299 814 2338 dfie
833 2300 935 2350 ³⁷qui

471 2354 545 2392 bus
564 2354 647 2404 ipse
667 2354 762 2392 dixit
781 2354 926 2393 ubicu-

471 2419 548 2458 que
567 2408 679 2447 fuerit
698 2420 839 2459 corpus

470 2461 560 2500 illuc
580 2463 865 2513 congregabu-

469 2522 530 2554 tur
550 2517 699 2568 aquilae
851 2514 972 2570 [etia-

470 2579 554 2608 LUH
585 2580 621 2609 18
639 2570 819 2609 ¹Dz'cebal
851 2576 969 2610 aulem

470 2625 695 2674 parabolam
715 2625 764 2664 ad
784 2626 871 2665 illos

469 2679 655 2728 quoniam
674 2686 826 2730 oportet

472 2743 626 2782 semper
646 2745 755 2771 orare
776 2741 814 2772 et

470 2797 552 2824 non
573 2785 737 2824 deficere
756 2788 914 2827 ²dicens

471 2839 595 2878 Iudex
616 2840 773 2890 quidam
792 2849 873 2880 erat

468 2893 509 2932 in
529 2894 697 2944 quadam
718 2895 832 2933 ciuita

469 2954 548 2987 tem
568 2948 634 2999 qui
652 2948 721 2986 dm
741 2961 821 2986 non
842 2949 868 2987 ti

469 3002 600 3041 mebat
619 3008 658 3041 et
676 3001 874 3042 hominem

709 204 755 243 E
757 204 826 244 UA
834 203 883 244 N
883 202 1032 243 GELI
1030 203 1120 242 UM
1145 202 1221 243 SE
1222 203 1256 242 C

1009 333 1102 373 Non
1120 334 1366 372 reuerebatur

1007 388 1147 427 ³uidua
1165 394 1295 427 autem
1314 401 1389 439 que

1009 442 1099 480 dam
1119 449 1200 481 erat
1218 443 1258 480 in
1277 443 1430 481 ciuitate

1009 509 1110 547 quae
1129 497 1290 535 ueniens
1309 510 1380 536 coe

1009 551 1066 601 pit
1086 551 1135 589 ad
1155 551 1261 589 illum
1280 551 1408 590 dicere

1008 605 1162 643 uindica
1180 617 1244 644 me
1264 606 1312 644 de
1331 605 1382 644 ad

1007 660 1177 698 uersario
1198 671 1287 698 meo
1307 660 1364 698 ‘et

1009 714 1166 752 nolebat
1185 727 1254 765 per
1273 714 1424 752 multu·-

1008 773 1163 818 tempus

1007 821 1102 861 Post
1121 822 1217 860 haec
1237 828 1366 860 autem
1387 822 1426 860 di

1008 877 1062 915 xit
1081 877 1180 914 intra
1199 889 1240 915 se
1260 877 1291 914 si
1310 875 1379 914 dm

1008 942 1089 969 non
1109 932 1227 969 timeo
1246 943 1319 969 nec
1339 930 1391 969 ho

1007 984 1154 1022 minem
1174 996 1310 1022 reueor
1328 984 1388 1022 ⁵ta

1007 1050 1099 1077 men
1120 1039 1211 1088 quia
1230 1038 1392 1077 molesta

1006 1099 1064 1131 est
1082 1092 1177 1130 mihi
1196 1092 1291 1131 haec
1311 1092 1428 1131 uidua

1006 1147 1212 1186 uindicabo
1231 1147 1336 1185 illam
1355 1159 1405 1185 ne

1006 1201 1045 1239 in
1065 1201 1281 1240 nouissimo
1300 1202 1391 1239 ueni

1208 1265 1229 1286 n

1006 1305 1044 1338 at
1064 1299 1287 1348 constritgat
1305 1310 1369 1337 me

1006 1353 1091 1392 8Αἰῑ
1111 1360 1238 1392 autem
1259 1353 1347 1391 dms
1366 1353 1455 1391 audi

1005 1414 1043 1446 te
1063 1407 1157 1459 quid
1175 1407 1291 1446 iudex
1311 1408 1433 1458 iniqui

1005 1462 1093 1500 tatis
1113 1461 1205 1500 dicit
1277 1461 1343 1500 ⁷ds
1362 1467 1480 1500 aute-

1006 1528 1088 1555 non
1109 1516 1221 1555 faciet
1239 1516 1369 1555 uindic

1005 1577 1086 1609 tarn
1105 1570 1315 1609 electorum
1335 1583 1406 1609 suo

1005 1636 1092 1664 rum
1111 1625 1360 1663 clamantium

1005 1712 1080 1751 Die
1099 1724 1146 1751 ac
1164 1718 1281 1752 nocte
1300 1712 1431 1764 patien

1004 1767 1098 1806 tiam
1118 1766 1266 1805 habens
1285 1767 1325 1805 in
1343 1767 1414 1806 illis
1434 1767 1492 1806 ⁸di

1005 1834 1054 1860 co
1074 1821 1185 1860 uobis
1205 1820 1317 1859 faciet
1335 1821 1412 1860 cito

1003 1876 1216 1914 uindictam
1234 1875 1386 1914 illorum

1005 1930 1163 1969 Tamen
1181 1929 1280 1968 filius
1300 1930 1468 1969 hominis

1004 1985 1166 2023 ueniens
1187 1992 1300 2035 putas
1320 1984 1409 2022 inue

1004 2040 1085 2078 niet
1103 2040 1220 2078 fidem
1239 2039 1279 2076 in
1298 2045 1429 2077 terram

1004 2103 1107 2132 LUHI
1124 2094 1268 2133 ⁹Dixz'l
1278 2098 1397 2132 aulem
1411 2098 1446 2132 et
1456 2094 1510 2131 ad

1398 2146 1505 2201 [quos

1005 2202 1097 2241 dam
1116 2202 1182 2253 qui
1200 2202 1271 2241 sibi
1291 2201 1444 2241 confide

1004 2256 1100 2294 bant
1154 2264 1354 2307 tamquam
1373 2256 1432 2295 ius

1004 2310 1032 2348 ti
1051 2317 1180 2349 essent
1217 2318 1255 2349 et
1275 2323 1413 2360 sperne

1004 2365 1097 2403 bant
1116 2372 1268 2403 ceteros
1288 2364 1400 2403 simili

1004 2418 1178 2457 tudinem
1198 2419 1310 2457 istam
1330 2416 1333 2420 ’

1004 2472 1129 2511 ¹⁰Du0
1147 2472 1325 2511 homines
1343 2484 1458 2511 ascen

1003 2526 1139 2565 derunt
1158 2527 1198 2565 in
1218 2526 1363 2577 templo
1383 2533 1425 2565 ut

1003 2588 1158 2620 orarent
1211 2592 1312 2619 unus
1330 2593 1385 2631 pu

1002 2635 1178 2674 blicanus
1196 2641 1234 2674 et
1251 2647 1353 2673 unus
1371 2634 1450 2685 pha

1003 2690 1124 2728 riseus
1143 2689 1169 2710 ¹¹
1177 2696 1283 2728 stans
1302 2689 1430 2740 itaque

1003 2743 1204 2795 phariseus
1223 2744 1277 2782 sic
1297 2744 1432 2782 orabat

1002 2798 1050 2837 ds
1069 2799 1211 2849 gratias
1230 2810 1307 2848 ago
1326 2798 1392 2836 tibi

1002 2853 1094 2902 quia
1112 2864 1194 2892 non
1215 2865 1302 2891 sum
1322 2852 1421 2891 sicut

1000 2907 1116 2945 ceteri
1135 2906 1313 2945 homines
1331 2919 1402 2957 rap

1002 2966 1105 2998 tores
1124 2960 1253 2999 iniusti
1272 2960 1401 2999 adulte

1002 3013 1032 3052 ri
1052 3013 1114 3051 uel
1133 3014 1249 3053 etiam
1269 3014 1365 3053 sicut
1383 3012 1445 3052 hic

1869 207 2173 249 LUCANUM
2221 207 2332 264 [xvu.
2356 224 2533 261 29-xvm.
2555 226 2608 258 30,

1575 292 1659 323 1¹01.
1675 293 1756 324 134.

1576 335 1808 374 Publicanus
1882 335 1911 358 ¹²
1922 337 2052 377 ieiuno

1575 389 1634 428 bis
1657 390 1697 427 in
1722 390 1884 429 sabbato
1904 390 2076 431 decimas

1575 443 1628 482 do
1647 445 1823 482 omnium
1843 457 2012 495 quecum

1576 509 1651 547 que
1661 498 1856 548 possideo

1575 551 1601 573 ¹⁸
1609 551 1659 590 Et
1673 553 1901 602 publicanus
1916 565 1939 591 a
1958 552 2076 605 longe

1576 612 1682 644 stans
1732 607 1890 645 nolebat
1910 620 1983 646 nec

1575 660 1710 699 oculus
1729 661 1768 699 in
1788 661 1913 699 celum
1932 662 2022 701 leua

1576 726 1617 752 re
1673 715 1742 753 sed
1763 717 2003 766 percutiebat

1574 775 1711 819 pectus
1731 781 1843 807 suum
1863 770 1995 808 dicens

1575 822 1665 861 dme
1683 822 1730 862 ds
1749 824 1956 874 propitiare
1976 824 2030 862 mi

1574 876 1614 914 hi
1635 879 1829 927 peccatori

1574 930 1823 970 1⁴Dicouobis
1831 931 2072 982 quiadesce·‘

1574 985 1628 1023 dit
1647 985 1708 1024 hic
1728 986 1957 1036 publicanus

1574 1039 1799 1078 iustificatus
1818 1040 1858 1079 in
1879 1040 2028 1079 domu·-

1575 1106 1687 1132 suam
1705 1095 1829 1144 magis
1849 1107 1968 1145 quam
1988 1095 2014 1133 il

1573 1147 1609 1186 le
1629 1148 1828 1198 phariseus
1884 1149 1975 1199 quia

1573 1203 1701 1241 omnis
1720 1203 1786 1253 qui
1806 1215 1847 1241 se
1866 1203 2005 1242 exaltat

1575 1256 1833 1295 humiliabitur
1852 1264 1889 1296 et
1909 1258 1977 1307 qui

1573 1322 1614 1348 se
1634 1310 1808 1349 humiliat
1827 1311 1954 1350 exalta

1572 1364 1672 1403 bitur

1573 1418 1842 1458 ¹⁵Adferebant
1862 1426 1990 1458 autem

1574 1474 1624 1512 ad
1643 1473 1750 1511 illum
1770 1480 1808 1511 et
1826 1474 1990 1512 infantes

1573 1534 1614 1566 ut
1633 1539 1700 1566 eos
1718 1534 1894 1578 tangeret
1931 1527 2037 1579 quod

1573 1594 1663 1620 cum
1683 1582 1858 1620 uiderent
1877 1582 1973 1622 disci

1574 1712 1658 1750 Puli
1678 1712 1934 1764 increpabant

1572 1767 1658 1806 illos

1573 1820 1674 1860 1⁶Ihs
1698 1828 1827 1860 autem
1846 1827 2073 1862 conuoca'·s

1573 1876 1659 1914 illus
1680 1876 1774 1914 dixit
1793 1877 1904 1915 sinite
1923 1889 1999 1927 pue

1573 1942 1637 1969 ros
1656 1931 1788 1969 uenire
1808 1930 1857 1968 ad
1877 1944 1939 1969 me
1960 1937 1999 1970 et

1574 1984 1691 2023 nolite
1711 1997 1779 2023 eos
1799 1984 1962 2035 prohibe

1572 2051 1613 2077 re
1633 2039 1764 2077 talium
1784 2046 1841 2078 est
1861 2040 1965 2078 enim

1572 2105 1737 2141 regnum
1759 2092 1799 2130 di

1572 2147 1734 2185 ”Amen
1754 2147 1842 2186 dico
1862 2146 1974 2185 uobis
1992 2146 2058 2198 qui

1572 2213 1738 2252 cumque
1757 2214 1837 2240 non
1857 2201 1953 2240 adce

1572 2256 1670 2306 perit
1690 2268 1855 2306 regnum
1874 2254 1914 2293 di
1934 2255 1966 2294 si

1573 2317 1638 2349 cut
1656 2322 1753 2360 puer
1773 2322 1855 2349 non
1874 2310 1972 2348 intra

1571 2364 1626 2402 bit
1644 2364 1685 2402 in
1704 2364 1811 2402 illum
1942 2361 2072 2417 [aute-

1571 2428 1693 2455 LUIIII
1780 2417 2076 2467 ¹⁸Interr0gauil

1572 2484 1663 2510 eurn
1683 2472 1841 2522 quidam
1861 2471 1995 2510 dicens

1571 2526 1751 2576 magister
1770 2527 1897 2564 bonae
1917 2526 2010 2576 quid

1571 2579 1751 2619 faciendo
1769 2580 1890 2618 uitam
1910 2592 1956 2618 ae

1571 2641 1720 2673 ternam
1739 2633 1933 2685 possideo·

1571 2688 1599 2710 ¹⁹
1607 2688 1713 2727 Dixit
1732 2695 1862 2727 autem
1881 2688 1939 2727 ihs
1958 2687 2051 2739 quid

1571 2755 1633 2781 me
1653 2743 1747 2781 dicis
1766 2744 1914 2781 bonum
1934 2755 1982 2780 ne

1570 2809 1638 2836 mo
1658 2798 1785 2836 bonus
1805 2797 1878 2835 nisi
1897 2797 2003 2835 solus

1570 2851 1630 2890 ds·
1758 2851 1976 2890 ”mandata

1570 2905 1671 2944 nosti
1744 2917 1823 2944 non
1844 2906 1928 2944 occi

1625 2959 1693 2999 des
1711 2971 1792 2999 non
1812 2958 2030 2998 adulteriu-

2166 338 2383 379 Conmittes
2403 347 2486 380 no-

2163 393 2305 431 furtum
2326 394 2445 433 facies

2163 459 2246 485 non
2265 447 2402 487 falsum
2424 456 2480 488 tes

2163 501 2366 540 timonium
2387 503 2426 541 di

2163 567 2229 594 ces
2246 555 2395 595 honora
2415 569 2467 607 pa

2161 615 2259 647 trem
2277 616 2386 649 tuum
2406 617 2446 649 et

2163 669 2328 702 matrem

2108 715 2195 755 ²¹Et
2213 718 2265 755 ait
2284 718 2335 755 illi
2354 718 2486 757 omnia
2503 731 2574 758 cus

2109 771 2229 809 todiui
2249 770 2344 810 haec
2363 784 2386 810 a
2405 773 2522 811 iuuen

2108 831 2188 863 tute
2208 837 2296 864 mea

2108 878 2264 926 ²2Quod
2283 879 2414 919 audito
2434 880 2492 919 ihs
2510 881 2562 919 ait

2109 933 2237 972 adhuc
2256 946 2377 971 unum
2397 934 2507 973 deest

2107 988 2175 1026 tibi
2260 988 2391 1026 omnia
2410 1001 2487 1039 que

2106 1053 2273 1092 cumque
2292 1041 2412 1081 habes
2431 1055 2508 1081 uen

2108 1095 2157 1134 de
2178 1103 2215 1134 et
2235 1096 2285 1134 da
2303 1097 2540 1146 pauperibus

2108 1156 2146 1188 et
2166 1150 2325 1189 habebis
2346 1150 2512 1189 thensau

2107 1216 2194 1242 rum
2215 1204 2254 1242 in
2273 1205 2381 1244 caelo
2400 1212 2438 1244 et
2456 1205 2547 1244 ueni

2106 1270 2268 1309 sequere
2287 1270 2351 1297 me

2106 1311 2134 1333 ²³
2144 1312 2215 1350 His
2229 1313 2290 1350 ille
2306 1312 2443 1351 auditis
2457 1313 2606 1354 contris

2106 1372 2207 1405 tatus
2226 1373 2284 1405 est
2303 1367 2392 1418 quia
2410 1367 2520 1407 diues

2106 1427 2187 1459 erat
2205 1420 2317 1459 ualde

2105 1474 2290 1513 ²⁴Uidens
2309 1480 2440 1513 autem
2459 1475 2568 1514 illum

2105 1529 2255 1567 tristem
2274 1529 2419 1568 factum
2439 1529 2478 1567 di

2105 1583 2161 1621 xit
2180 1583 2239 1622 ihs
2323 1595 2443 1634 quarn
2463 1583 2523 1623 dif

2106 1712 2224 1752 Ficile
2245 1713 2310 1763 qui
2329 1713 2515 1763 pecunias

2107 1766 2253 1805 habent
2272 1768 2312 1806 in
2332 1780 2498 1818 regnum

2105 1821 2146 1860 di
2165 1821 2362 1860 intrabunt
2415 1821 2524 1861 ²⁵faci

2105 1875 2178 1914 lius
2197 1883 2256 1914 est
2275 1877 2379 1914 enirn
2398 1877 2523 1915 camel

2106 1930 2187 1968 lum
2207 1943 2277 1980 per
2297 1930 2471 1969 foramen

2106 1996 2198 2023 acus
2218 1984 2376 2023 transire
2394 1996 2513 2035 quarn

2108 2038 2267 2077 diuitem
2286 2039 2326 2076 in
2346 2050 2470 2089 regno
2490 2037 2531 2076 di

2105 2092 2192 2130 26Εἴ
2210 2092 2387 2131 dixerunt
2407 2093 2472 2143 qui
2487 2092 2603 2131 audie

2105 2147 2201 2185 bant
2219 2153 2257 2185 et
2276 2147 2363 2198 quis
2382 2153 2509 2197 potest
2529 2147 2585 2185 sal

2104 2212 2178 2239 uus
2197 2201 2278 2239 fieri

2104 2254 2190 2292 ”Et
2204 2255 2255 2293 ait
2274 2254 2348 2293 illis
2367 2254 2426 2293 ihs
2441 2266 2541 2305 quae
2562 2253 2603 2292 in

2104 2309 2302 2359 possibilia
2321 2315 2411 2348 sunt
2429 2316 2522 2359 aput

2104 2363 2222 2401 deum

2103 2417 2205 2455 ²⁸Ait
2224 2423 2352 2455 autem
2372 2422 2503 2467 petrus
2521 2430 2567 2456 ec

2103 2483 2148 2510 ee
2168 2483 2242 2509 nos
2263 2471 2400 2510 relictis
2421 2473 2538 2511 rebus

2103 2525 2246 2564 nostris
2265 2525 2385 2565 secuti
2405 2537 2452 2565 su

2103 2591 2191 2618 mus
2211 2586 2249 2617 te

2102 2633 2373 2684 ”Quibusipse
2380 2632 2473 2672 dixit
2485 2639 2605 2687 ame-'-

2103 2688 2192 2727 dico
2209 2688 2321 2726 uobis
2340 2699 2458 2726 nemo
2476 2694 2534 2725 est

2103 2742 2170 2793 qui
2188 2741 2375 2791 relinquat
2393 2741 2544 2779 domu*
2600 2757 2603 2762 ·

2102 2803 2167 2834 aut
2186 2802 2365 2846 parentes
2397 2800 2462 2831 aut

2101 2850 2236 2888 fratres
2254 2855 2319 2886 aut
2338 2853 2489 2886 uxore-

2103 2909 2169 2941 aut
2188 2902 2287 2940 filius
2305 2907 2462 2951 propter

2099 2968 2264 3007 regnum
2282 2955 2324 2994 di
2360 2955 2462 3008 ⁸⁰qui
2482 2962 2563 2996 no‘
