2820 3334
448 223 495 263 48
678 211 1093 253 EUANGELIUM
1114 210 1228 251 SEC

448 302 532 333 1¹01.
548 302 608 333 98.

449 344 554 383 Dum
575 345 739 383 uerbum
758 350 868 382 tuum

449 406 487 437 et
506 399 679 437 discessit
699 399 748 436 ab
768 398 832 436 illa
851 403 902 436 a*

446 453 557 502 gelus

449 507 690 557 ³“Exurgens
711 512 840 544 autem
860 517 925 544 ma

448 561 505 599 ria
523 562 562 598 in
583 562 716 598 diebus
736 560 807 598 illis
827 560 919 597 abiit

447 615 488 652 in
507 621 692 653 montana
711 626 802 652 cum
821 613 877 651 fes

446 669 675 706 tinationem
696 669 734 706 in
754 668 830 706 ciui

447 730 568 761 tatem
587 723 746 760 iudaeae
765 721 840 759 ⁴⁰et
860 722 899 759 in

447 777 575 816 troiuit
594 777 633 814 in
654 776 815 815 domum

449 831 644 870 zaccariae
663 837 701 868 et
720 830 843 869 saluta

447 886 503 923 bit
522 883 709 923 elisabeth

446 939 532 977 ⁴¹Et
551 938 696 977 sactum
715 944 772 976 est
794 944 836 975 ut
858 937 948 975 audi

446 994 502 1032 uit
521 993 789 1032 salutationem
808 1004 873 1029 ma

446 1048 524 1086 riae
544 1047 728 1085 elisabeht
747 1045 817 1083 ¹²et
836 1058 884 1083 ex

448 1101 627 1140 clamauit
646 1112 745 1138 uoce
764 1111 857 1148 mag

448 1168 499 1193 na
519 1155 652 1193 dicens
707 1153 871 1192 benedic

447 1216 487 1248 ta
506 1215 547 1246 tu
566 1209 665 1246 inter
683 1208 862 1246 mulieres

448 1270 487 1301 et
506 1263 734 1301 benedictus
753 1262 836 1300 fruc

447 1325 510 1356 tus
528 1317 673 1355 uentris
692 1316 747 1353 tui
766 1316 839 1353 ⁴⁸et
858 1327 913 1353 un

449 1372 498 1410 de
519 1371 594 1410 hoc
614 1370 706 1408 mihi
726 1376 767 1407 ut
787 1370 876 1407 ueni

449 1433 488 1464 at
507 1431 631 1463 mater
649 1424 729 1462 dmi
748 1423 788 1462 di
809 1424 858 1461 ad

449 1492 513 1517 me
568 1480 696 1517 “ecce
716 1478 820 1515 enim
839 1484 881 1515 ut

449 1534 551 1572 sacta
569 1539 626 1571 est
645 1544 723 1570 uox
745 1532 868 1570 saluta

449 1588 565 1627 tionis
583 1594 671 1626 tuae
690 1587 730 1625 in
749 1587 904 1625 auribus

450 1720 547 1759 meis
566 1718 751 1757 exultabit
770 1718 809 1756 in

448 1773 591 1824 gaudio
610 1773 737 1811 infans
755 1772 796 1810 in

447 1836 559 1867 utero
577 1839 668 1866 meo
705 1827 778 1864 ⁴⁵et
797 1827 871 1864 bea

449 1884 476 1921 ti
497 1883 562 1933 qui
581 1881 774 1920 credidisti
794 1892 873 1931 quo

450 1938 556 1975 niam
575 1936 819 1987 perficientur

451 1992 583 2029 omnia
603 2002 677 2040 que
697 1990 800 2028 dicta
819 1994 907 2027 sunt

449 2046 519 2083 tibi
538 2058 561 2083 a
580 2045 673 2082 dffio

450 2099 536 2137 “Et
556 2100 607 2136 ait
627 2097 746 2136 maria
765 2097 899 2147 magni

451 2157 531 2224 ficat
542 2186 673 2224 anima
692 2196 820 2223 meam

450 2241 544 2279 dom
654 2240 726 2278 ⁴⁷et
745 2237 833 2276 exul

450 2295 545 2333 tauit
564 2297 631 2344 sps
650 2305 760 2332 meus
778 2293 818 2330 in

450 2349 504 2388 do
524 2349 678 2387 salutari
697 2358 787 2386 meo

450 2403 576 2454 ⁴“quia
595 2402 762 2452 respexit
780 2399 888 2438 humi

450 2457 598 2496 litatem
618 2456 753 2496 ancille
774 2467 819 2493 su

450 2523 497 2550 ae
553 2523 643 2550 ecce
664 2510 767 2549 enim
787 2520 836 2547 ex

451 2565 526 2604 hoc
545 2566 659 2604 beata
677 2577 740 2603 me
761 2564 875 2602 dice*

451 2632 589 2658 omnes
607 2619 805 2669 generatio

453 2685 524 2711 nes
543 2674 667 2723 ”quia
686 2673 775 2711 fecit
794 2669 889 2710 mihi

453 2739 597 2776 magna
616 2728 680 2776 qui
700 2734 839 2777 potens

453 2787 511 2819 est
531 2788 568 2818 et
588 2788 763 2818 sanctum
784 2792 837 2819 no

453 2846 545 2872 men
565 2834 645 2871 eius
665 2834 737 2871 ⁶⁰et
757 2835 885 2872 miseri

454 2888 626 2927 cordiam
646 2887 727 2925 eius
747 2889 784 2925 in
804 2900 876 2937 pro

453 2943 607 2993 geniem
627 2948 665 2979 et
685 2942 848 2991 progeni

454 3008 519 3035 em
537 2995 760 3035 timentibus
779 3007 869 3033 eum

979 343 1007 364 ⁶¹
1015 342 1120 381 Fecit
1139 342 1353 392 potentiam
1372 341 1412 379 in

980 397 1162 435 bracchio
1181 407 1252 435 suo
1289 395 1349 434 dis

981 451 1100 502 parsit
1119 451 1305 501 superbos
1325 454 1416 487 me‘·

982 514 1019 543 te
1039 505 1166 543 cordis
1185 505 1357 555 ipsorum

980 558 1194 609 ⁶²deposuit
1213 565 1391 609 potentes

982 613 1030 651 de
1051 614 1141 652 sede
1179 619 1216 651 et
1235 612 1361 650 exalta

980 669 1034 706 uit
1054 667 1219 705 humiles
1238 666 1423 705 ⁶³esurie‘

980 728 1038 760 tes
1058 722 1217 772 inpleuit
1235 721 1347 759 bonis
1367 726 1404 757 et

981 776 1118 814 diuites
1137 775 1279 813 dimisit
1298 775 1434 812 inanes

980 830 1184 879 ⁶⁴suscepit
1203 828 1358 868 istrahel
1377 840 1453 878 pue

981 896 1068 922 rum
1088 896 1198 921 suum
1218 894 1350 920 memo

981 939 1055 976 rari
1074 937 1359 975 misericordiae

981 992 1115 1030 5⁵sicut
1134 992 1284 1029 locutus
1304 997 1362 1028 est
1381 989 1430 1028 ad

981 1053 1110 1096 patres
1129 1052 1283 1083 nostros
1303 1045 1396 1082 abra

981 1100 1071 1138 ham
1092 1106 1129 1137 et
1149 1099 1286 1137 semini
1305 1099 1386 1136 eius

981 1154 1020 1191 in
1041 1153 1171 1192 secula

979 1208 1161 1246 ⁶⁶Mansit
1180 1213 1310 1245 autem
1329 1206 1451 1244 maria

981 1275 1071 1301 cum
1091 1263 1154 1300 illa
1172 1262 1370 1300 mensibus

981 1317 1103 1355 tribus
1122 1323 1160 1354 et
1179 1327 1333 1353 reuersa
1352 1321 1408 1353 est

982 1371 1023 1408 in
1042 1371 1203 1408 domum
1223 1381 1333 1407 suam

981 1424 1010 1446 ⁵⁷
1018 1424 1213 1462 Elisabeth
1233 1430 1361 1462 autem
1381 1422 1421 1461 in

981 1479 1126 1529 pletum
1148 1485 1206 1516 est
1224 1485 1378 1527 tempus

985 1533 1159 1583 pariendi
1178 1539 1216 1570 et
1235 1532 1383 1582 peperit

982 1588 1101 1626 filium
1120 1587 1193 1625 ⁶⁸et
1213 1586 1415 1625 audierunt

983 1717 1112 1757 Uicini
1131 1723 1169 1755 et
1188 1717 1345 1767 cognati

983 1773 1065 1811 eius
1084 1772 1175 1823 quia
1194 1771 1353 1822 magnifi

982 1827 1084 1865 cauit
1105 1827 1190 1865 dms
1210 1826 1408 1863 misericor

982 1880 1086 1919 diam
1106 1892 1216 1919 suam
1236 1892 1325 1918 curn
1345 1879 1370 1917 il

982 1936 1020 1974 la
1039 1941 1076 1973 et
1096 1934 1403 1984 congratulabu-

983 1996 1043 2027 tur
1062 1989 1097 2027 ei
1134 1989 1207 2026 ⁶⁹et
1227 1988 1370 2027 factum
1390 1994 1448 2026 est

982 2044 1023 2082 in
1043 2043 1103 2082 die
1123 2049 1264 2082 octauo
1283 2049 1325 2080 ut
1345 2054 1393 2079 ue

983 2098 1108 2135 nirent
1127 2104 1166 2135 et
1186 2096 1365 2135 eircumci

983 2152 1090 2190 deret
1109 2163 1273 2201 puerum
1293 2157 1330 2188 et
1349 2162 1402 2189 uo

984 2212 1170 2245 cauerunt
1188 2217 1280 2243 eum
1299 2205 1339 2242 in

984 2261 1142 2298 nomine
1162 2260 1281 2310 patris
1301 2260 1383 2297 eius

984 2313 1225 2352 zacchariam

985 2367 1070 2405 ⁶⁰Et
1090 2366 1331 2417 respondens
1350 2378 1416 2404 ma

985 2429 1042 2460 ter
1061 2422 1143 2459 eius
1163 2421 1258 2459 dixit
1278 2432 1359 2459 non

985 2475 1054 2514 sed
1073 2475 1273 2514 uocabitur
1292 2475 1330 2512 io

985 2530 1134 2568 hannes

984 2583 1068 2622 ⁶¹Et
1087 2584 1266 2622 dixerunt
1286 2581 1335 2620 ad
1355 2582 1458 2620 illam

986 2650 1103 2676 nemo
1123 2644 1181 2676 est
1200 2637 1265 2687 qui
1287 2649 1383 2675 uoce

987 2699 1048 2730 tur
1068 2692 1141 2731 hoc
1163 2691 1321 2730 nomine

987 2746 1246 2785 ⁶²adnuebant
1265 2752 1395 2783 autem

987 2801 1084 2851 patri
1103 2800 1184 2838 eius
1204 2812 1321 2850 quem
1341 2798 1404 2837 uel

988 2855 1039 2892 let
1059 2854 1190 2893 uocari
1209 2865 1300 2892 eum

987 2908 1074 2946 ⁶³Et
1093 2908 1243 2958 adcepit
1264 2906 1409 2957 pugilla

988 2974 1048 3000 res
1068 2969 1105 3000 et
1125 2962 1274 3012 scripsit
1294 2961 1427 2999 dicens

1949 209 2252 251 LUCANUM

1551 296 1632 327 Pol.
1649 297 1711 328 94.

1550 339 1744 378 Iohannes
1762 345 1819 378 est
1837 345 1983 378 nome*

1549 394 1630 431 eius
1648 400 1686 431 et
1706 393 1831 431 mirati
1852 400 1939 431 sunt

1549 459 1688 485 omnes
1707 446 1778 486 ⁶¹et
1797 447 1982 486 continuo

1548 501 1716 549 resoluta
1734 507 1792 540 est
1812 501 1945 551 lingua

1548 567 1629 593 eius

1548 609 1598 646 Et
1611 615 1785 659 apertum
1793 615 1850 647 est
1864 629 1872 638 ·
1886 621 1930 647 os
1944 630 1953 640 ·
1966 609 2047 647 eius

1548 669 1585 700 et
1604 663 1831 713 loquebatur
1849 664 1949 701 bene

1549 718 1681 755 dicens
1700 716 1769 754 dm

1548 772 1575 792 ⁶⁵
1583 771 1632 809 Et
1652 772 1775 810 factus
1794 777 1852 808 est
1871 771 1987 809 timor

1549 838 1663 875 super
1682 837 1819 863 omnes
1838 825 1913 863 uici

1549 891 1622 917 nos
1641 891 1776 918 eorum
1795 885 1832 917 et
1852 891 1968 928 super

1550 934 1682 971 omnia
1701 940 1886 971 montana
1905 933 1942 970 iu

1549 988 1669 1026 daeae
1689 987 1924 1037 diuulgaban

1550 1048 1610 1079 tur
1629 1043 1748 1080 uerba
1768 1041 1863 1080 haec
1882 1052 1949 1079 om

1550 1097 1613 1134 nia
1631 1097 1702 1134 ⁸⁶et
1721 1101 1933 1146 posuerunt

1550 1162 1688 1189 omnes
1707 1150 1774 1200 qui
1795 1149 1908 1188 audie

1550 1205 1615 1242 bat
1636 1205 1766 1242 omnia
1786 1205 1907 1242 uerba
1925 1202 2021 1241 haec

1550 1259 1589 1296 in
1609 1258 1724 1296 corde
1744 1270 1816 1296 suo
1835 1258 1946 1296 dicen

1550 1321 1607 1350 tes
1627 1311 1720 1363 quid
1739 1312 1870 1362 utique
1890 1310 1961 1349 erit

1549 1378 1644 1417 puer
1663 1366 1734 1404 iste
1770 1366 1913 1404 etenim
1932 1377 1996 1403 ma

1551 1432 1623 1458 nus
1643 1420 1709 1458 dr‘ii
1728 1432 1819 1458 cum
1839 1420 1903 1458 illo

1549 1474 1633 1512 ⁶⁷Et
1652 1474 1868 1512 zaccharias
1887 1481 1997 1523 pater

1551 1529 1632 1566 eius
1651 1528 1818 1578 repletus
1838 1534 1894 1565 est
1915 1530 1987 1576 spu

1552 1589 1687 1622 sancto
1707 1588 1745 1620 et
1764 1582 1952 1633 propheta

1553 1714 1620 1752 Uit
1639 1712 1771 1752 dicens
1807 1712 1940 1751 ⁶⁸bene

1552 1769 1675 1807 dictus
1694 1769 1741 1806 ds
1761 1766 1915 1805 istrahel

1553 1823 1644 1873 quia
1662 1822 1828 1860 uisitauit
1848 1827 1886 1859 et
1906 1821 1943 1858 fe

1552 1878 1602 1915 cit
1620 1876 1928 1926 redemptionem

1552 1931 1674 1981 plebis
1694 1943 1786 1969 suae
1805 1929 1876 1967 ⁶⁹et
1896 1941 1958 1966 ere

1552 1986 1607 2023 xit
1627 1997 1788 2023 cornum
1809 1983 1940 2022 salutis

1552 2039 1666 2078 nobis
1722 2040 1762 2076 in
1782 2038 1930 2076 domu-

1553 2092 1668 2132 dauid
1687 2092 1794 2143 pueri
1814 2092 1872 2129 sui
1890 2090 1958 2129 ⁷⁰si

1552 2154 1616 2186 cut
1635 2147 1784 2185 locutus
1804 2152 1861 2183 est
1879 2157 1947 2195 per

1553 2214 1597 2240 os
1617 2207 1838 2240 sanctorum
1859 2212 1929 2250 pro

1552 2256 1808 2306 phetauerunt
1828 2254 1893 2304 qui

1553 2310 1603 2349 ab
1622 2321 1720 2348 aeuo
1741 2315 1829 2347 sunt
1847 2307 1919 2346 ⁷¹et
1939 2306 2015 2345 libe

1553 2364 1649 2402 rauit
1670 2375 1742 2401 nos
1761 2364 1810 2400 ab
1830 2361 1937 2400 inimi

1553 2418 1608 2457 cis
1627 2417 1767 2456 nostris
1786 2423 1824 2454 et
1844 2416 1892 2454 de
1912 2427 1977 2453 ma

1554 2484 1606 2510 nu
1626 2471 1800 2509 omnium
1819 2469 1885 2519 qui

1554 2525 1718 2564 oderunt
1738 2537 1811 2563 nos
1829 2522 1914 2561 ⁷²ad
1933 2522 1970 2561 sa

1553 2579 1730 2618 ciendam
1750 2578 1879 2617 miseri

1555 2633 1727 2672 cordiam
1748 2645 1858 2670 suam

1554 2688 1725 2738 patribus
1745 2686 1884 2725 nostris

1555 2749 1592 2779 et
1613 2741 1859 2779 rememorari

1555 2795 1772 2835 testamenti
1791 2806 1886 2833 sanc

1556 2851 1583 2888 ti
1603 2851 1661 2888 sui

1554 2902 1806 2942 ¹¹¹'Iusiurandi
1826 2901 1931 2953 quod
1951 2901 1989 2940 iu

1556 2959 1652 2997 rauit
1672 2957 1721 2997 ad
1740 2957 1926 2996 abraham

2344 208 2389 265 [1.
2414 218 2525 261 38-11.
2540 228 2576 261 4.

2081 340 2232 379 Patrem
2251 349 2427 381 nostrum

2079 395 2108 416 '¹⁴
2116 396 2293 434 daturum
2314 397 2426 435 nobis
2446 409 2487 435 se

2081 450 2195 487 nobis
2214 456 2255 487 ut
2275 451 2356 488 sine
2377 451 2514 489 timore

2081 503 2128 540 de
2147 515 2265 542 manu
2285 505 2516 543 inimicoru-

2081 564 2300 595 nostrorum
2321 558 2439 596 libera

2080 611 2107 648 ti
2127 611 2338 650 seruiamus
2357 613 2408 650 illi
2426 613 2502 650 ⁷⁶in

2082 665 2280 703 sanctitate
2299 672 2336 704 et
2354 667 2495 705 iustitia

2081 730 2213 756 coram
2233 719 2317 769 ipso
2336 721 2517 759 omnibus

2083 772 2216 810 diebus
2235 774 2374 812 nostris

2081 825 2169 864 ''⁸Et
2188 833 2229 864 tu
2247 839 2344 876 puer
2362 827 2552 878 propheta

2084 880 2257 919 altissimi
2275 882 2476 920 uocaueris

2082 935 2225 985 preibis
2245 936 2346 973 enim
2368 942 2455 974 ante
2474 935 2513 974 fa

2085 989 2143 1027 cie
2163 988 2243 1026 dmi
2261 1002 2395 1039 parare
2414 990 2518 1027 uiam

2083 1043 2166 1081 eius
2184 1042 2268 1081 ”ad
2287 1043 2457 1082 dandam
2477 1043 2531 1082 sci

2084 1097 2228 1135 entiam
2248 1098 2351 1147 plebi
2369 1098 2451 1136 eius
2470 1098 2511 1136 in

2084 1151 2309 1190 remissione
2328 1164 2449 1202 pecca

2084 1212 2210 1243 torum
2229 1218 2362 1244 eorum
2380 1205 2409 1226 ⁷⁸
2415 1217 2484 1256 per

2083 1271 2229 1297 uiscera
2248 1272 2445 1298 mxsencor

2085 1314 2171 1351 diae
2190 1313 2229 1350 di
2248 1314 2369 1352 nostri
2392 1314 2432 1351 in
2451 1313 2517 1363 qui

2084 1368 2157 1405 bus
2174 1368 2341 1406 uisitauit
2361 1380 2434 1406 nos
2453 1368 2510 1406 ori

2084 1434 2154 1460 ens
2173 1434 2220 1460 ex
2241 1422 2317 1460 alto
2334 1421 2504 1459 ⁷⁹inlumi

2085 1487 2177 1514 nare
2196 1475 2255 1514 his
2275 1476 2341 1526 qui
2360 1476 2400 1514 in
2421 1482 2509 1514 tene

2084 1529 2162 1567 bris
2199 1536 2237 1568 et
2257 1529 2323 1580 qui
2342 1530 2382 1567 in
2400 1530 2538 1568 umbra

2084 1617 2219 1655 mortis
2240 1593 2346 1655 sedgt
2383 1617 2431 1655 ad
2451 1616 2522 1655 diri

2086 1704 2246 1744 Gendos
2266 1704 2386 1754 pedes
2405 1716 2478 1743 nos

2085 1766 2165 1797 tros
2184 1758 2223 1796 in
2242 1759 2347 1797 uiam
2366 1759 2475 1809 pacis

2049 1860 2051 1863 ι
2085 1812 2223 1851 ⁸⁰Puer
2242 1819 2371 1851 autem
2390 1824 2522 1851 cresce

2085 1868 2150 1906 bat
2169 1874 2207 1905 et
2226 1866 2511 1906 confortabatur

2085 1922 2125 1959 in
2146 1925 2218 1970 spu
2237 1928 2274 1959 et
2293 1927 2374 1958 erat
2393 1921 2431 1958 in
2455 1920 2566 1959 deser

2084 1976 2132 2014 tis
2152 1987 2272 2024 usque
2292 1975 2331 2012 in
2352 1974 2454 2012 diem
2474 1986 2521 2013 os

2085 2029 2270 2068 tensionis
2290 2041 2380 2068 suae
2401 2028 2450 2067 ad
2469 2029 2502 2067 is

2084 2083 2207 2122 trahel

2085 2149 2124 2176 ΙΙ
2133 2137 2170 2174 21
2180 2137 2339 2175 Factum
2350 2141 2404 2174 est
2411 2141 2528 2175 aulem
2544 2137 2584 2174 in

2085 2192 2220 2231 diebus
2239 2192 2310 2230 illis
2329 2191 2419 2229 exiit
2438 2191 2523 2229 edic

2087 2253 2169 2284 tum
2189 2258 2212 2284 a
2231 2257 2385 2284 caesare
2404 2257 2527 2295 augus

2085 2307 2126 2338 to
2144 2307 2187 2338 ut
2205 2299 2450 2349 proficeretur

2085 2354 2286 2392 uniuersus
2304 2352 2408 2390 orbis
2428 2359 2485 2390 ter

2086 2420 2151 2446 rae
2222 2406 2336 2444 2haee
2356 2405 2484 2456 profes

2086 2461 2143 2500 sio
2163 2460 2284 2511 prima
2306 2461 2405 2499 facta
2423 2467 2481 2498 est

2086 2515 2238 2566 preside
2258 2515 2359 2564 syrio
2379 2514 2511 2564 cyrino

2085 2570 2144 2608 ⁸et
2163 2570 2269 2607 ibant
2288 2581 2425 2607 omnes
2447 2574 2489 2606 ut
2512 2580 2585 2619 pro

2086 2625 2288 2662 ficerentur
2308 2622 2445 2672 singuli

2086 2678 2126 2715 in
2145 2677 2296 2715 ciuitate
2317 2688 2428 2715 suam

2086 2731 2292 2769 ⁴Ascendit
2311 2737 2439 2768 autem
2458 2735 2495 2766 et
2514 2728 2552 2766 io

2086 2785 2182 2835 sehp
2200 2797 2222 2822 a
2240 2784 2378 2833 galilea
2396 2782 2445 2820 de
2464 2782 2539 2820 ciui

2086 2846 2161 2877 tate
2181 2837 2360 2875 nazareht
2382 2837 2421 2873 in
2444 2835 2584 2874 iudea*

2086 2893 2125 2931 in
2146 2892 2336 2930 ciuitatem
2357 2890 2472 2928 dauid

2086 2958 2161 2997 que
2180 2952 2338 2984 uocatur
2357 2944 2527 2983 bethlem
