2820 3334
286 231 321 255 v.
345 230 464 265 24—vr.
489 215 570 270 20.]
631 214 1050 254 EUANGELIUM
1071 214 1181 254 SEC

285 306 367 336 Pol.
383 306 464 336 163.

287 347 490 396 Quebatur
510 359 599 386 eum
620 353 681 385 tur

286 404 337 441 ba
356 403 475 440 multa
495 408 532 440 et
553 401 689 452 conpri

286 458 445 495 mebant
465 469 554 495 eum

286 511 370 549 2⁵Et
390 524 480 549 ecce
501 510 636 548 mulier
655 522 754 560 quae

287 572 368 604 erat
386 566 425 603 in
445 565 636 616 profluuio
658 577 727 602 san

286 620 413 670 guinis
430 620 541 658 annis
555 632 621 658 xn·
652 619 785 669 2‘³quae

286 675 408 713 multa
426 686 540 724 passa
559 674 681 711 fuerat

286 741 309 766 a
329 729 500 778 pluribus
520 728 678 766 medicis
698 735 735 766 et

286 790 513 833 erogauerat
533 783 665 822 omnia

286 850 356 875 sua
377 845 414 876 et
434 837 527 875 nihil
546 837 702 887 profece

286 898 346 929 rat
402 892 470 930 sed
490 893 598 942 peius
617 891 718 929 habe

286 947 352 984 bat
371 946 538 984 27audito
559 946 605 984 de
626 946 690 983 ihu
710 957 758 983 ue

286 1001 343 1038 nit
363 1001 410 1039 de
429 1008 530 1039 retro
550 1001 590 1038 in
610 1001 721 1038 turba

287 1062 325 1093 et
345 1056 466 1105 tetigit
485 1055 675 1093 uestimen

286 1116 370 1147 turn
390 1110 472 1147 eius
491 1110 655 1147 ²⁸dicens
675 1109 773 1146 intra

287 1176 329 1202 se
367 1164 428 1201 uel
449 1164 479 1201 si
499 1164 762 1201 uestimentu-

287 1218 368 1256 eius
389 1218 550 1266 tetigero
570 1217 677 1255 salua

287 1285 354 1310 ero
427 1272 498 1310 ²⁹et
518 1272 721 1310 confestim

287 1327 471 1365 siccatum
491 1332 549 1364 est
569 1326 654 1364 fons

287 1381 483 1431 sanguinis
503 1381 584 1418 eius
604 1387 641 1418 et
662 1392 731 1418 sen

288 1436 334 1473 sit
354 1435 506 1485 corpori
525 1435 605 1473 eius
626 1434 732 1484 quod

286 1496 387 1527 esset
407 1502 429 1527 a
449 1489 564 1539 plaga
584 1502 678 1527 sana

288 1544 317 1565 ⁸⁰
325 1543 522 1593 Cognouit
535 1550 664 1581 autem
679 1549 716 1581 et
728 1543 786 1580 ihs

288 1598 470 1637 uirtutem
490 1598 614 1636 exisse
634 1610 657 1635 a
677 1609 718 1635 se

288 1728 339 1766 Et
359 1740 572 1766 conuersus
591 1728 642 1765 ait
662 1727 712 1766 ad

289 1784 422 1821 turbas
442 1783 527 1833 quis
547 1782 669 1832 tetigit

288 1837 517 1875 uestimenta
537 1849 624 1875 mea

287 1891 468 1929 ³¹Dicunt
487 1903 581 1940 ergo
603 1890 753 1939 discipu

287 1946 313 1984 li
333 1946 415 1984 eius
452 1946 563 1983 uides
582 1946 722 1983 turba-

288 2000 598 2049 conprimentem
618 2006 655 2037 te

287 2061 326 2092 et
346 2054 439 2092 dicis
459 2055 544 2104 quis
564 2067 626 2092 me
646 2053 713 2092 teti

288 2109 346 2158 git
454 2109 525 2146 32et
546 2107 752 2158 circumspi

289 2163 416 2201 ciebat
435 2163 493 2201 ihs
514 2163 643 2201 uidere
663 2175 762 2213 quae

289 2217 365 2255 hoc
385 2217 527 2255 fecerat

289 2271 376 2310 ³⁸Et
395 2272 530 2309 mulier
549 2271 689 2309 timens
709 2277 747 2310 et

290 2332 461 2364 tremens
480 2326 586 2376 quod
606 2326 690 2364 fece

291 2386 348 2418 rat
367 2380 519 2419 occulto
539 2380 664 2418 sciens

291 2433 434 2472 factum
453 2435 536 2483 ipsa
556 2435 661 2472 uenit

292 2495 329 2525 et
348 2488 513 2537 procidit
532 2494 620 2526 ante
640 2500 731 2526 eum

291 2549 330 2580 et
349 2541 443 2579 dixit
462 2542 497 2578 ei
516 2554 674 2580 omnem

292 2595 494 2634 ueritatem

292 2650 395 2688 34ΙῩῚΞ
415 2661 508 2687 uero
529 2649 580 2687 ait
599 2648 650 2686 illi
671 2649 748 2687 filia
768 2649 794 2687 fi

293 2704 360 2743 des
380 2710 444 2742 tua
464 2711 499 2742 te
521 2703 666 2741 saluam

293 2759 382 2797 fecit
401 2758 502 2796 uade
522 2758 562 2795 in
583 2769 720 2807 pacem

293 2819 332 2850 et
351 2819 434 2851 esto
456 2824 551 2850 sana
571 2825 594 2850 a
613 2812 729 2862 plaga

294 2873 359 2905 tua
469 2867 630 2904 ³5adhuc
650 2879 697 2904 eo

293 2920 476 2970 loquente
497 2921 657 2959 ueniunt

295 2975 345 3014 ad
365 2984 687 3026 arcysynagogu‘

821 346 1007 384 Dicentes
1028 346 1103 384 filia
1124 352 1191 383 tua

820 407 972 439 mortua
992 406 1049 439 est
1069 400 1160 451 quid
1180 412 1244 437 am

820 456 920 504 plius
939 467 1061 493 uexas
1080 455 1297 503 magistru‘

820 510 921 548 ³⁶1hs
935 516 1062 547 autem
1076 509 1236 547 audiens
1245 508 1319 546 hoc

820 566 983 602 uerbum
1003 564 1054 601 ait
1073 563 1177 602 archi

822 631 1023 668 synagogo
1043 618 1122 655 noli
1145 618 1236 655 time

820 685 860 710 re
880 679 1028 710 tantum
1047 672 1159 710 crede

820 727 904 765 ³⁷Et
924 739 1003 764 non
1024 726 1175 764 admisit
1195 734 1300 775 que-

821 793 938 831 quam
959 781 1066 831 sequi
1087 793 1127 819 se
1147 780 1221 817 nisi

820 842 970 885 petrum
990 842 1027 873 et
1048 835 1231 873 iacobum

820 896 857 927 et
877 890 1089 927 iohannem
1109 889 1252 927 fratre*

819 944 943 982 iacobi

820 998 903 1036 ³⁸Et
923 998 1028 1035 uenit
1049 998 1087 1035 in
1109 997 1271 1036 domum

820 1052 1112 1103 archisynagogi
1133 1059 1171 1091 et

820 1107 914 1144 uidit
934 1107 1092 1145 flentem
1111 1108 1252 1145 turba*

821 1169 858 1199 et
877 1161 1152 1199 lamentantem

820 1216 985 1253 multum

819 1270 906 1307 3‘'Et
925 1270 1119 1319 ingressus
1140 1269 1190 1308 ait
1210 1269 1303 1320 quid

821 1324 1028 1361 turbamini
1048 1330 1085 1362 et
1105 1324 1198 1374 quid

820 1378 976 1428 ploratis
1014 1379 1140 1428 puella
1161 1385 1247 1417 no—

821 1439 879 1471 est
898 1441 1050 1471 mortua
1070 1434 1136 1471 sed
1157 1433 1230 1471 dor

821 1488 890 1525 mit
909 1488 995 1525 ‘¹⁰illi
1016 1500 1108 1526 uero
1129 1487 1249 1525 inride

821 1543 915 1580 bant
934 1542 1040 1579 illum

822 1596 912 1646 Ipse
932 1608 1024 1634 uero
1046 1596 1196 1635 adiecta
1211 1597 1323 1634 turba

823 1727 944 1765 Foras
963 1726 1172 1777 adsumpto
1192 1738 1258 1765 ma

823 1787 878 1820 tre
899 1788 935 1819 et
955 1788 1062 1831 patre
1083 1782 1233 1831 puellae

824 1843 861 1874 et
880 1836 945 1885 qui
965 1848 1054 1874 eum
1074 1849 1121 1874 eo
1142 1842 1250 1874 erant

822 1890 994 1928 introiuit
1012 1890 1078 1928 ubi
1099 1897 1177 1928 erat
1197 1902 1251 1939 pu

822 1945 896 1982 ella
915 1944 986 1983 41et
1005 1950 1140 1982 tenens
1160 1952 1309 1982 manu-

823 1998 973 2049 puellae
994 2000 1044 2037 ait
1065 1999 1117 2036 illi
1136 1998 1282 2037 tabitha

824 2066 914 2091 cum
934 2054 1041 2104 quod
1061 2060 1118 2091 est
1137 2054 1237 2091 inter

823 2114 1017 2158 petratum
1036 2107 1164 2158 puella
1183 2107 1250 2146 tibi

824 2163 911 2200 dico
932 2175 1045 2211 surge

824 2217 909 2254 ⁴²Et
928 2216 1128 2255 confestim
1149 2228 1253 2254 surre

824 2271 880 2308 xit
899 2271 1026 2321 puella
1045 2277 1082 2308 et
1103 2270 1260 2309 ambula

824 2326 890 2363 bat
928 2332 1010 2363 erat
1030 2331 1159 2363 autem
1178 2337 1229 2363 an

825 2391 967 2417 norum
987 2392 1042 2418 ΧΗ

824 2433 875 2471 Et
895 2439 1122 2484 stupuerunt
1140 2445 1279 2472 omnes

825 2494 984 2538 stupore
1003 2500 1149 2537 magno
1169 2488 1242 2525 43et

825 2543 996 2592 precepit
1016 2542 1087 2579 illis
1106 2542 1165 2580 ihs
1185 2548 1227 2579 ut
1247 2553 1296 2579 ne

827 2596 920 2632 mini
941 2597 1110 2634 dicerent
1129 2602 1166 2633 et
1186 2596 1225 2633 di

827 2650 881 2686 xit
901 2650 981 2687 dari
1001 2650 1053 2686 illi
1073 2650 1308 2687 manducare

829 2713 900 2740 XUI
916 2703 959 2741 6¹*
971 2703 1030 2741 Et
1042 2705 1230 2752 ingressus
1245 2704 1328 2740 inde

1270 2758 1328 2794 ihs

829 2811 920 2850 abiit
940 2811 979 2848 in
1000 2810 1161 2861 patriam
1182 2755 1291 2849 suain

830 2873 866 2904 et
887 2866 1146 2915 sequebantur
1165 2865 1273 2902 illum

829 2920 1006 2969 discipuli
1026 2919 1127 2956 illius

830 2975 901 3012 2Εῑ
920 2974 1047 3024 coepit
1067 2974 1128 3011 die
1149 2974 1297 3011 sabbati

831 3029 973 3067 docere
994 3029 1032 3066 in
1053 3034 1281 3079 synagoga-

1321 3106 1348 3131 M

1782 209 2051 250 MARCUM

1389 302 1471 332 Fol.
1487 302 1568 332 164.

1390 346 1439 383 Et
1459 345 1567 382 multi
1589 343 1788 382 audientes

1390 399 1675 437 admirabantur
1694 399 1733 437 in

1390 454 1564 492 doctrina
1583 454 1665 491 eius
1686 464 1824 491 omnes

1390 508 1561 546 dicentes
1601 508 1704 545 unde
1724 507 1811 545 huic

1391 563 1487 600 haec
1507 569 1543 599 et
1563 574 1663 612 quae
1684 568 1740 599 est
1760 561 1842 611 sapi

1391 617 1492 654 entia
1513 629 1611 666 quae
1632 616 1722 654 data
1742 622 1799 653 est
1819 616 1872 653 illi

1390 678 1431 709 ut
1451 678 1488 709 et
1506 672 1663 708 uirtutes
1684 671 1766 708 eius
1786 682 1855 720 per

1390 737 1529 763 manus
1549 725 1761 763 efficiantur

1390 780 1540 818 3nonne
1560 780 1621 817 hic
1642 786 1699 817 est
1718 779 1826 817 faber

1392 834 1490 872 filius
1509 834 1652 872 mariae
1674 834 1788 871 frater

1391 889 1516 927 iacobi
1541 895 1578 926 et
1603 888 1714 926 iudae
1735 894 1773 926 et
1793 888 1892 927 simo

1390 955 1458 981 nes
1479 956 1610 981 nonne
1631 950 1667 981 et
1687 955 1838 981 sorores

1390 998 1471 1035 eius
1492 997 1553 1036 hic
1573 1004 1660 1035 sunt
1680 998 1875 1035 nobiscu·‘

1390 1059 1427 1090 et
1447 1052 1805 1090 scandalizabantur

1391 1107 1429 1143 in
1450 1106 1514 1144 illo

1390 1161 1461 1198 4Et
1481 1161 1632 1199 dicebat
1653 1161 1706 1198 eis
1726 1160 1785 1197 ihs
1801 1160 1891 1209 quia

1392 1228 1473 1253 non
1494 1221 1550 1253 est
1570 1214 1718 1264 profeta
1739 1215 1820 1253 sine

1391 1269 1540 1308 honore
1561 1269 1634 1306 nisi
1654 1269 1693 1306 in
1713 1269 1870 1319 patria-

1391 1336 1500 1363 suam
1521 1330 1559 1362 et
1579 1324 1618 1361 in
1639 1323 1872 1373 cognatione

1390 1385 1428 1417 et
1448 1379 1487 1415 in
1507 1378 1670 1416 domum
1689 1390 1801 1416 suam

1390 1433 1460 1470 5Et
1480 1445 1561 1470 non
1583 1433 1672 1471 fecit
1693 1432 1744 1470 ibi
1764 1433 1865 1470 uirtu

1392 1494 1449 1525 tes
1469 1488 1610 1525 multas
1629 1487 1702 1525 nisi
1721 1499 1799 1537 pau

1393 1554 1461 1580 cos
1481 1541 1653 1579 infirmos
1673 1542 1838 1591 inpones

1392 1609 1553 1634 manum
1572 1596 1719 1635 curauit
1739 1596 1796 1634 ⁶et

1394 1726 1638 1765 Mirabantur
1658 1739 1757 1777 prop

1393 1789 1449 1820 ter
1469 1782 1764 1820 incredulitate-

1392 1837 1546 1874 illorum
1814 1832 1896 1887 [cas

1394 1901 1482 1928 XUH
1498 1890 1556 1928 Et
1573 1889 1797 1927 circumibat
1812 1890 1872 1927 z'fzs

1394 1945 1482 1983 tella
1501 1945 1541 1982 in
1561 1945 1719 1983 circuitu
1739 1944 1790 1982 do

1393 2012 1486 2038 cens

1393 2054 1462 2092 ⁷Et
1482 2053 1708 2092 conuocatis
1729 2052 1807 2090 duo

1394 2108 1518 2147 decim
1539 2107 1731 2157 discipulis
1751 2108 1804 2144 mi

1394 2164 1441 2201 sit
1461 2163 1544 2201 illos
1565 2175 1633 2212 per
1653 2163 1766 2200 binos
1786 2161 1883 2199 dans

1394 2218 1465 2256 illis
1484 2223 1718 2267 potestatem
1738 2216 1779 2253 fu

1394 2285 1484 2322 gare
1505 2271 1704 2321 spirituum
1724 2270 1763 2307 in

1394 2326 1630 2364 mundorum

1394 2380 1638 2431 ⁸Precipiens
1653 2379 1723 2417 illis
1738 2392 1786 2417 ne
1803 2378 1896 2429 quid

1667 2443 1689 2464 n

1395 2490 1530 2517 secum
1548 2477 1696 2516 tolleret
1714 2477 1754 2514 in

1395 2534 1499 2570 uiam
1520 2533 1592 2570 nisi
1611 2532 1761 2581 uirgam

1395 2594 1545 2625 tantum
1565 2599 1646 2624 non
1665 2591 1787 2635 pera*

1395 2653 1521 2691 neque
1542 2652 1684 2690 panem
1705 2650 1793 2688 neq·

1396 2706 1579 2732 nummus
1600 2706 1639 2730 1n
1659 2705 1767 2730 zonis

1396 2748 1484 2786 ⁹sed
1505 2748 1685 2786 calciatus
1705 2746 1793 2796 galli

1397 2802 1502 2840 culas
1521 2809 1556 2840 et
1577 2814 1624 2839 ne
1643 2800 1832 2838 induere-

1396 2864 1455 2893 tur
1475 2857 1584 2893 binas
1603 2855 1753 2892 tunicas

1396 2910 1482 2948 1‘'Et
1501 2910 1595 2947 dixit
1615 2910 1669 2947 eis
1690 2920 1861 2959 quocum

1397 2977 1472 3016 que
1493 2963 1710 3002 introieritis
1730 2964 1782 3001 ibi

1397 3026 1549 3061 manete
1569 3018 1696 3057 donec
1715 3017 1857 3056 exeatis

1377 3107 1394 3131 2

1925 340 1976 378 iN
1981 340 2029 379 de

2247 402 2312 423 non

1925 439 2011 477 11Et
2031 438 2265 489 quicumque
2285 449 2373 474 rece

1926 494 2023 544 perit
2042 505 2114 530 uos
2136 504 2261 542 neque
2283 491 2395 528 audie

1926 549 2001 585 rint
2020 559 2092 585 uos
2113 552 2299 584 exeuntes

1926 602 2015 640 inde
2036 601 2201 640 excutite
2223 600 2340 650 pulue

1926 669 2008 695 rem
2029 656 2075 694 de
2096 655 2260 705 pedibus

1927 711 2064 749 uestris
2084 711 2124 747 in
2143 708 2337 747 testimoni

1927 778 1995 803 um
2016 765 2088 802 illis

1928 818 2011 856 12Et
2031 824 2215 857 exeuntes
2235 816 2365 866 praedi

1928 875 2067 912 cabant
2086 879 2127 911 ut
2147 872 2388 922 penitentia-

1928 934 2088 979 agerent
2162 927 2234 964 ¹3et
2253 926 2375 964 multa

1929 983 2112 1021 demonia
2133 981 2324 1020 eiciebant

1928 1045 1966 1076 et
1986 1043 2203 1086 unguentes
2224 1036 2311 1074 oleo

1928 1092 2067 1130 multos
2086 1102 2223 1141 aegros
2243 1102 2338 1128 sana

1928 1153 2065 1184 uerunt
2339 1141 2430 1196 [rex

1929 1200 2064 1237 ΧΗΙΙΙ14
2080 1199 2125 1238 E
2123 1204 2139 1236 l
2150 1199 2273 1236 audiit
2284 1199 2430 1236 herodes

1928 1255 2214 1293 manifestatum
2234 1253 2326 1290 eni*

1929 1310 2049 1347 fuerat
2069 1309 2119 1345 illi
2140 1320 2287 1344 nomen

1929 1365 1983 1403 eis
2003 1371 2041 1401 et
2061 1363 2242 1401 dicebant
2261 1361 2367 1411 quod

1929 1418 2107 1456 iohannis
2128 1416 2293 1466 baptista
2314 1428 2378 1453 sur

1928 1473 2084 1511 rexitset
2103 1484 2126 1509 a
2145 1471 2307 1508 mortuis

1929 1533 1966 1565 et
1986 1527 2074 1565 ideo
2094 1526 2252 1564 uirtutes
2273 1525 2311 1562 in
2332 1524 2356 1561 il

1929 1582 1966 1619 lo
1987 1582 2201 1619 efficiuntur
2239 1579 2335 1617 15alii

1929 1643 2059 1675 autem
2079 1635 2258 1673 dicebant
2295 1632 2402 1684 quod

1930 1723 2066 1761 Helias
2085 1722 2191 1760 uenit
2247 1720 2308 1758 alii
2326 1733 2375 1758 ue

1930 1791 1973 1816 ro
1994 1777 2100 1827 quod
2120 1788 2218 1814 unus
2240 1776 2287 1813 de
2308 1787 2380 1826 pro

1929 1832 2054 1881 phetis

1930 1885 2085 1932 16Quod
2109 1884 2241 1922 audito
2264 1883 2430 1922 herodes

1929 1941 2026 1978 dixit
2063 1952 2180 1990 quem
2200 1951 2274 1988 ego
2295 1938 2343 1976 de

1929 1995 2068 2033 collaui
2089 1994 2149 2031 hic
2170 1999 2226 2031 est
2245 1993 2363 2031 iohan

1929 2050 1990 2088 nis
2009 2048 2070 2087 hic
2090 2048 2293 2086 resurrexit

1928 2116 1951 2141 a
1971 2103 2133 2141 mortuis

1928 2158 2052 2208 1⁷Ipse
2071 2157 2174 2196 enim
2199 2156 2354 2194 herodis
2377 2156 2432 2193 mi

1929 2213 1976 2251 sit
1997 2219 2034 2250 et
2053 2212 2174 2250 tenuit
2194 2211 2397 2249 iohanne-

1929 2273 1967 2305 et
1987 2267 2171 2316 adligauit
2190 2278 2281 2303 eum
2301 2271 2339 2303 et

1929 2321 2032 2359 misit
2051 2321 2091 2358 in
2112 2331 2303 2358 carcerem

1929 2382 2086 2426 propter
2105 2373 2344 2412 herodiade-

1929 2442 2092 2468 uxorem
2113 2428 2273 2478 philippi
2291 2427 2347 2465 fra

1929 2485 1996 2523 tris
2016 2484 2074 2521 sui
2095 2483 2201 2533 quod
2220 2494 2306 2520 eam
2327 2494 2405 2520 uxo

1929 2551 2011 2576 rem
2032 2538 2203 2576 duxisset

1929 2592 2127 2629 ¹⁸Dicebat
2147 2591 2250 2629 enim
2270 2589 2404 2628 herodi

1928 2646 2119 2684 iohannes
2139 2657 2219 2687 non
2239 2645 2328 2682 licet

1928 2700 1995 2737 tibi
2015 2700 2155 2737 habere
2175 2711 2338 2736 uxorem

1928 2753 2050 2791 fratris
2071 2754 2124 2791 tui
2197 2753 2225 2774 ¹⁹
2238 2753 2332 2791 hero

1930 2808 1998 2846 des
2017 2814 2148 2845 autem
2167 2807 2357 2845 insidiaba

1929 2869 1990 2900 tur
2009 2862 2062 2899 illi
2082 2869 2119 2901 et
2139 2863 2349 2912 quaerebat

1928 2916 2103 2955 occidere
2121 2917 2229 2954 illum
2250 2923 2288 2954 et

1929 2984 2008 3012 non
2029 2978 2178 3023 poterat
2197 2970 2397 3009 ²⁰herodes
