2866 3346
498 190 519 216 2
810 173 925 214 EUA
931 173 984 214 N
982 172 1130 214 GELI
1129 172 1224 212 UM

496 265 578 296 1¹01.
596 266 629 296 3.

497 309 581 347 Nisi
601 309 640 346 in
660 307 836 347 belzebul
855 307 946 357 pri-¹

496 363 623 413 cipem
644 362 932 401 daemonioru-

495 416 668 455 ²⁶Sciens
688 423 819 455 autem
839 416 897 454 ihs
916 427 965 454 co

495 471 701 521 gitationes
721 482 856 509 eorum

495 525 589 563 dixit
608 526 675 563 eis·
759 536 876 563 omne
895 535 964 574 reg

495 591 591 616 num
610 578 777 617 diuisum
797 590 872 617 con

494 640 552 671 tra
572 645 613 671 se
632 632 827 672 desolatur
847 653 857 663 ·
877 637 915 670 et

494 688 623 726 omnis
643 687 776 725 ciuitas
795 686 858 725 uel

495 742 637 780 domus
657 741 780 780 diuisa
800 753 877 779 con

493 802 553 834 tra
568 808 609 834 se
624 807 706 834 non
721 795 848 834 stabit·
877 794 905 817 ²⁶
912 793 944 833 si

494 850 598 888 enim
618 857 771 888 satanas
791 855 874 888 sata

493 916 572 942 nan
593 904 679 941 eicit
697 904 884 942 aduersus

493 970 535 996 se
550 957 695 996 diuisus
710 964 768 995 est
845 968 993 1007 quomo

493 1011 546 1050 do
565 1024 659 1061 ergo
679 1012 791 1050 stabit
810 1023 879 1061 reg

493 1078 589 1103 num
606 1066 688 1104 eius

493 1119 649 1166 ”Quod
668 1119 700 1157 si
718 1131 794 1169 ego
815 1119 855 1157 in
874 1118 981 1157 belze

492 1173 559 1211 bul
574 1174 672 1212 eicio
693 1173 875 1211 demonia

492 1227 546 1265 fili
565 1228 681 1266 uestri
701 1229 741 1265 in
758 1239 837 1277 quo
856 1227 891 1265 ei

493 1282 600 1320 ciunt
619 1282 707 1320 ideo
726 1282 799 1331 ipsi
818 1281 898 1319 iudi

494 1348 558 1374 ces
578 1342 690 1374 erunt
708 1335 827 1373 uestri

493 1389 521 1412 2⁸
530 1389 569 1427 Si
581 1396 711 1428 autem
723 1390 762 1427 in
771 1393 844 1439 spu
854 1411 862 1420 ·
870 1388 910 1427 di
918 1400 993 1438 ego

492 1444 592 1483 eicio
612 1444 796 1483 demonia
816 1464 824 1473 ·
845 1443 900 1481 uti

493 1510 568 1548 que
588 1498 832 1548 adpropiauit
851 1497 892 1535 in

491 1564 565 1591 uos
584 1564 749 1603 regnum
767 1551 809 1590 di

491 1693 520 1715 ²⁹
527 1691 740 1740 Quomodo
759 1697 888 1741 potest
907 1691 994 1743 quis

492 1746 635 1785 intrare
654 1747 695 1783 in
714 1746 879 1784 domum

493 1800 603 1839 sortis
622 1807 659 1839 et
677 1812 771 1838 uasa
790 1800 873 1838 eius

492 1854 653 1904 diripere
671 1854 745 1892 nisi
765 1854 870 1903 prius

493 1908 704 1958 alligauerit
721 1908 848 1946 forte*

492 1968 531 2000 et
550 1969 642 2000 tunc
662 1962 823 2000 domum
842 1961 942 2000 illius

493 2015 640 2066 diripiet

492 2070 522 2092 ³⁰
531 2070 610 2117 Qui
630 2081 711 2109 non
731 2075 789 2107 est
808 2081 963 2108 mecum

493 2131 629 2162 contra
647 2135 710 2161 me
729 2129 787 2161 est
807 2130 844 2161 et
863 2124 930 2174 qui

493 2190 575 2216 non
595 2184 807 2227 congregat
826 2189 890 2216 me

492 2243 582 2270 cum
601 2231 788 2281 dispargit

493 2285 624 2324 ³¹Ideo
644 2285 733 2323 dico
753 2285 864 2323 uobis
883 2296 950 2322 om

493 2352 542 2378 ne
561 2345 764 2389 peccatum
785 2345 823 2377 et
841 2338 926 2376 blas

492 2393 648 2443 phemia
667 2393 878 2432 remittetur

492 2447 713 2486 hominibus
734 2469 743 2478 ·
764 2450 830 2496 sps
850 2450 971 2485 aute·-

493 2501 733 2550 blasphemia
752 2513 833 2540 non

493 2556 704 2593 remittetur
723 2555 830 2594 homi

494 2608 607 2646 nibus

494 2661 580 2699 ⁸²Et
598 2661 831 2712 quicumque
855 2662 944 2701 dixe

494 2716 539 2753 rit
558 2716 719 2753 uerbum
741 2716 860 2753 aduer

494 2781 581 2808 sum
601 2769 721 2806 filium
740 2768 848 2807 homi

494 2823 554 2861 nis
574 2823 784 2860 remittetur
804 2823 839 2860 ei

494 2877 560 2927 qui
581 2882 709 2914 autem
729 2876 866 2914 dixerit

494 2936 630 2970 contra
649 2931 749 2981 spm·
770 2933 866 2968 s‘c'm·

1029 305 1123 344 Non
1142 304 1355 344 remittetur

1029 360 1064 398 ei
1083 371 1210 409 neque
1228 359 1269 397 in
1288 358 1363 398 hoc
1383 370 1448 398 sae

1031 413 1119 452 culo
1139 425 1265 463 neque
1284 414 1324 451 in
1343 413 1469 452 futuro

1028 468 1057 489 ³⁸
1064 467 1143 506 Aut
1162 467 1276 506 facite
1295 468 1472 507 arborem

1028 523 1175 560 bonam
1194 528 1232 560 et
1252 521 1418 561 fructum

1028 577 1109 614 eius
1131 577 1278 614 bonum
1332 582 1398 614 aut
1417 575 1455 614 fa

1028 631 1102 669 cite
1121 631 1299 668 arborem
1319 630 1450 668 mala-

1028 691 1066 722 et
1084 684 1250 723 fructum
1269 685 1351 722 eius
1370 696 1436 722 ma

1027 738 1107 776 lum
1127 751 1174 776 ex
1194 738 1318 776 fructu
1337 738 1430 776 eni·-

1027 793 1142 831 arbor
1161 799 1419 842 cognoscetur

1027 847 1273 896 ³⁴Progenies
1293 846 1501 896 uiperaru-

1027 900 1227 951 quomodo
1247 900 1405 949 potestis

1028 956 1134 993 bona
1153 954 1259 1004 loqui
1279 966 1368 992 cum
1389 954 1421 991 si

1027 1009 1073 1046 tis
1093 1008 1185 1046 mali
1204 1020 1252 1046 ex
1271 1007 1456 1046 abunda*

1027 1064 1078 1101 tia
1097 1062 1203 1100 enim
1222 1061 1349 1100 cordis
1369 1073 1414 1100 os
1432 1061 1471 1100 lo

1028 1117 1157 1166 quitur

1026 1170 1196 1209 ³⁵Bonus
1215 1170 1338 1208 homo
1357 1169 1404 1208 de
1419 1170 1527 1208 bono

1027 1224 1235 1263 thensauro
1255 1223 1401 1274 profert

1027 1280 1133 1317 bona
1151 1285 1189 1316 et
1208 1278 1332 1316 malus
1351 1278 1472 1317 homo

1029 1334 1078 1371 de
1098 1332 1203 1370 malo
1221 1338 1404 1371 tensauro

1028 1387 1172 1437 profert
1191 1386 1295 1424 mala

1027 1441 1054 1463 ⁸⁶
1062 1440 1163 1479 Dico
1179 1446 1308 1478 autem
1320 1439 1433 1478 uobis
1445 1451 1526 1490 quo

1027 1495 1134 1533 niam
1153 1506 1273 1533 omne
1292 1495 1448 1532 uerbu-

1028 1550 1196 1588 otiosum
1215 1548 1322 1600 quod
1344 1547 1462 1587 locuti

1026 1689 1184 1728 Fuerint
1202 1689 1382 1727 homines
1401 1688 1471 1727 red

1027 1744 1120 1782 dent
1139 1743 1186 1781 de
1206 1755 1254 1782 eo
1272 1744 1447 1781 ratione-

1027 1798 1066 1835 in
1087 1798 1148 1836 die
1167 1797 1294 1836 iudicii
1314 1797 1450 1835 ⁸⁷unus

1026 1853 1188 1901 quisque
1208 1852 1312 1890 enim
1332 1864 1379 1890 ex
1399 1862 1468 1889 uer

1025 1907 1084 1944 bis
1105 1906 1184 1944 suis
1203 1906 1425 1944 condemna

1025 1960 1128 1997 uitur
1315 1957 1473 2012 [derunt
1491 1959 1525 1997 ei

1026 2014 1203 2051 xxxvl1³⁸
1230 2013 1347 2052 Tunc
1366 2025 1526 2064 respon-

1025 2068 1182 2118 quidam
1202 2067 1250 2106 de
1269 2067 1404 2106 scribis

1025 2129 1063 2160 et
1082 2122 1266 2172 parisaeis
1285 2121 1398 2160 dicen

1025 2182 1083 2214 tes
1103 2176 1286 2225 magister
1305 2175 1488 2213 uolumus

1026 2242 1049 2267 a
1068 2235 1105 2267 te
1125 2231 1279 2279 signum
1298 2229 1429 2267 uidere

1025 2283 1128 2321 ⁸⁹1hs
1141 2290 1267 2321 autem
1282 2282 1524 2333 respondens

1025 2337 1076 2375 ait
1095 2337 1168 2375 illis
1187 2337 1383 2387 generatio
1402 2348 1467 2375 ma

1025 2390 1062 2429 la
1080 2397 1119 2429 et
1137 2391 1307 2429 adultera
1327 2390 1471 2439 signu-

1026 2445 1172 2496 quaerit
1190 2451 1227 2483 et
1246 2445 1401 2494 signum

1025 2511 1107 2538 non
1127 2498 1276 2537 dabitur
1294 2500 1329 2537 ei
1349 2497 1422 2536 nisi

1025 2554 1180 2603 signum
1200 2553 1313 2591 ionae
1332 2564 1404 2603 pro

1026 2607 1126 2646 fetae
1147 2628 1155 2637 ·
1176 2607 1310 2645 ⁴⁰sicut
1328 2606 1432 2645 enim
1452 2605 1491 2643 fu

1026 2662 1054 2700 it
1072 2661 1181 2699 ionas
1199 2661 1238 2698 in
1258 2667 1389 2699 uentre
1408 2659 1505 2698 caeti

1027 2716 1146 2754 tribus
1166 2715 1301 2753 diebus
1321 2721 1359 2753 et
1377 2714 1463 2752 trib·

1026 2769 1203 2807 noctibus
1223 2769 1279 2807 sic
1298 2769 1367 2807 erit
1386 2775 1423 2807 et

1027 2823 1125 2861 filius
1146 2823 1314 2861 hominis
1334 2823 1373 2860 in
1392 2834 1461 2860 cor

1028 2877 1100 2914 dae
1121 2883 1240 2915 terrae
1259 2883 1296 2914 ct
1315 2877 1435 2914 tribus
1455 2876 1493 2914 di

1027 2931 1123 2968 ebus
1142 2936 1179 2968 et
1198 2930 1318 2968 tribus
1339 2931 1481 2969 noctib-

1939 175 2028 215 MA
2040 176 2249 216 TTEUM
2309 174 2396 232 [x11.
2418 191 2573 227 24-xm.
2595 178 2629 220 8'.

1590 263 1673 293 1¹01.
1689 263 1725 294 4.

1597 305 1624 326 ⁴²
1634 304 1716 343 Uiri
1735 304 1931 344 nineuitae
1949 318 2057 345 resur

1597 365 1690 410 gent
1708 360 1748 397 in
1767 359 1910 398 iudicio
1928 372 2018 398 cum

1597 413 1847 463 generatione
1867 413 1939 452 ista
1958 421 1996 452 et

1598 467 1914 506 condemnabunt
1931 473 2011 506 ea·-

1598 522 1688 571 quia
1707 522 2026 571 penitenitentia-

1597 582 1758 624 egerunt
1776 575 1816 613 in
1836 575 2017 625 praedica

1597 629 1701 668 tione
1720 630 1833 668 ionae
1851 635 1888 668 et
1906 642 1999 669 ecce

1598 683 1684 733 plus
1704 695 1823 734 quam
1842 684 1934 722 iona

1596 737 1626 759 ⁴²
1634 738 1787 787 Regina
1805 738 1921 776 austri
1939 749 2047 776 resur

1596 799 1661 841 get
1680 792 1720 829 in
1738 791 1879 830 iudicio
1899 804 1988 830 cum
2009 804 2058 841 ge

1597 845 1797 884 neratione
1815 846 1888 884 ista
1905 852 1942 884 et
1961 853 2045 885 co‘·

1596 899 1793 938 demnauit
1811 912 1899 938 eam
1918 901 2011 950 quia

1595 954 1703 991 benit
1721 954 1770 992 ab
1789 954 1930 992 ultimis
1949 966 2020 1004 par

1596 1008 1697 1046 tibus
1716 1014 1838 1046 terrae
1857 1008 1991 1047 audire

1597 1062 1825 1111 sapientiam
1845 1062 1996 1100 solomo

1597 1116 1657 1153 nis
1675 1122 1714 1154 et
1732 1128 1822 1154 ecce
1841 1116 1928 1165 plus
1947 1116 2009 1155 hie

1597 1181 1715 1219 quam
1735 1170 1917 1208 solomon

1596 1224 1624 1246 ⁴³
1632 1223 1734 1262 Cum
1753 1230 1881 1262 autem
1901 1224 2037 1262 inmun

1596 1277 1670 1316 dus
1690 1281 1755 1327 sps
1773 1278 1906 1316 exierit
1925 1279 1975 1316 ab
1994 1277 2047 1316 ho

1595 1332 1699 1370 mine
1719 1332 1889 1370 ambulat
1907 1344 1977 1382 per

1595 1386 1679 1425 loca
1698 1386 1802 1424 arida
1820 1397 2010 1437 quaerens

1595 1440 1767 1490 requiem
1786 1446 1824 1478 et
1842 1452 1923 1478 non
1941 1440 1982 1477 in

1595 1494 1725 1532 ueniet
1743 1494 1873 1532 ⁴²⁴tunc
1893 1494 1983 1532 dicit
2001 1505 2043 1533 re

1596 1553 1723 1586 uertar
1741 1548 1783 1586 in
1802 1548 1964 1586 domum

1595 1687 1730 1727 Meam
1749 1687 1854 1727 unde
1873 1688 1975 1727 exiui

1595 1749 1633 1781 et
1653 1743 1815 1781 ueniens
1834 1742 1980 1782 inuenit

1594 1809 1682 1835 eam
1701 1804 1906 1835 uacantem

1595 1852 1724 1901 scopis
1743 1851 1987 1888 mundanta'

1593 1911 1631 1943 et
1650 1910 1827 1943 ornatam
1846 1904 1975 1943 ⁴³tune

1593 1959 1698 1997 uadit
1717 1965 1754 1997 et
1773 1958 1939 1996 adsumit

1595 2025 1727 2051 secum
1748 2019 1896 2062 septem
1915 2011 2011 2050 alios

1595 2070 1660 2116 sps
1681 2087 1690 2096 ·
1711 2066 1916 2116 nequiores
1936 2078 1979 2104 se

1594 2127 1632 2159 et
1652 2122 1886 2159 introeuntes
1906 2119 1957 2158 ha

1594 2175 1716 2213 bitant
1734 2175 1775 2212 in
1794 2186 1842 2212 eo
1861 2180 1898 2212 et
1917 2174 2013 2212 fiunt

1594 2228 1805 2267 nouissima
1823 2227 1992 2266 hominis

1591 2282 1690 2321 illius
1709 2283 1840 2332 peiora
1859 2282 1983 2332 magis

1593 2348 1711 2387 quam
1733 2336 1860 2385 priora
1880 2337 1933 2374 sic
1953 2335 2022 2375 erit

1592 2390 1831 2439 generationi
1850 2389 1938 2428 huic

1591 2444 1782 2494 pessimae
1930 2441 2092 2497 [quente

1593 2498 1787 2536 xxxv111⁴⁶
1817 2497 1929 2536 Haec
1958 2510 2007 2536 eo
2036 2497 2092 2536 lo-

1593 2552 1642 2590 ad
1663 2553 1794 2590 turbas
1813 2564 1906 2590 ecce
1925 2563 1991 2590 ma

1591 2613 1648 2644 ter
1667 2606 1747 2644 eius
1768 2611 1806 2644 et
1826 2605 1958 2644 fratres

1592 2661 1745 2698 stabant
1764 2659 1857 2698 foris
1877 2671 1977 2709 quae

1593 2721 1719 2752 rentes
1739 2714 1844 2764 loqui
1864 2725 1953 2751 cum
1973 2724 2022 2751 eo

1591 2768 1619 2789 ⁴⁷
1628 2768 1721 2806 dixit
1740 2775 1870 2806 autern
1888 2767 1924 2805 ei
1944 2766 2092 2818 quida‘

1593 2834 1683 2860 ecce
1703 2829 1824 2860 mater
1843 2828 1908 2860 tua
1926 2828 1965 2859 et

1593 2876 1726 2914 fratres
1745 2876 1798 2914 tui
1817 2873 1909 2913 soris
1928 2880 2032 2914 stant

1594 2936 1821 2979 quaerentes
1839 2928 1946 2979 loqui

2130 307 2283 347 Tecum
2295 308 2380 347 ⁴⁸ad
2393 308 2474 359 ipse
2487 313 2630 360 respo*

2129 361 2226 400 dens
2245 362 2387 401 dicenti
2407 363 2477 401 sibi
2497 363 2549 402 ait

2129 428 2229 466 quae
2247 422 2304 454 est
2325 423 2448 455 mater
2467 428 2555 456 mea

2128 476 2195 508 aut
2212 469 2345 509 fratres
2365 471 2443 509 mei

2128 523 2212 561 ⁴⁹Et
2230 524 2442 563 extendens
2461 531 2612 563 manu-

2128 577 2170 615 in
2189 577 2397 628 discipulos
2415 590 2507 617 suos
2526 578 2565 616 di

2129 631 2183 668 xit
2204 651 2214 661 ·
2234 643 2326 670 ecce
2345 639 2467 670 mater
2486 644 2573 671 mea.

2128 691 2166 723 et
2185 685 2320 723 fratres
2338 686 2415 724 mei
2434 686 2537 736 ⁶⁰qui

2129 751 2298 789 cumque
2317 739 2422 777 enim
2441 740 2524 778 fece

2127 793 2175 830 rit
2194 793 2394 832 uoluntate
2411 793 2528 843 patris

2129 847 2205 885 mei
2224 847 2290 898 qui
2306 847 2346 884 in
2365 847 2456 885 celis
2474 853 2532 886 est

2127 901 2211 951 ipse
2230 913 2340 939 meus
2358 900 2475 939 frater
2491 907 2531 939 et

2129 967 2237 993 soror
2256 962 2293 993 et
2310 960 2434 1000 mater
2452 961 2511 993 est

2128 1018 2311 1046 xxxvmr
2327 1008 2381 1047 13¹
2410 1007 2457 1047 In
2482 1008 2548 1047 illa
2565 1008 2629 1047 die

2334 1060 2433 1115 [exit
2451 1062 2510 1101 ihs
2528 1069 2566 1102 et
2585 1075 2628 1102 se

2126 1116 2243 1155 debat
2263 1129 2374 1155 secus
2394 1129 2501 1156 mare

2127 1173 2187 1209 ²et
2205 1177 2489 1220 congraegatae

2127 1232 2217 1264 sunt
2235 1225 2285 1263 ad
2303 1236 2394 1263 eum
2414 1231 2474 1262 tur

2126 1280 2198 1317 bae
2218 1279 2269 1317 ita
2287 1285 2329 1316 ut
2347 1279 2387 1316 in
2406 1278 2550 1317 nauicu

2126 1333 2204 1371 lam
2224 1332 2446 1371 ascenderet

2126 1387 2261 1425 sedere
2282 1407 2292 1418 ·
2311 1392 2349 1425 et
2368 1398 2506 1425 omnes

2126 1442 2263 1479 turbae
2282 1441 2434 1479 stabant
2453 1440 2494 1478 in

2126 1495 2234 1533 litore

2128 1548 2202 1586 ³Et
2220 1548 2370 1587 locutus
2390 1554 2447 1586 est
2465 1547 2515 1586 ad
2534 1559 2603 1587 eos

2128 1602 2248 1641 multa
2267 1603 2308 1640 in
2326 1601 2519 1652 parabolis

2127 1688 2274 1727 Dicens
2293 1700 2383 1727 ecce
2401 1688 2494 1726 exiit

2127 1744 2194 1794 qui
2213 1743 2376 1782 seminat
2395 1742 2545 1780 semina

2125 1810 2166 1835 re
2186 1797 2243 1835 ⁴et
2262 1808 2352 1835 cum
2372 1796 2537 1835 seminat

2126 1850 2317 1901 quaedam
2337 1850 2557 1888 ceciderunt

2127 1917 2240 1944 secus
2259 1904 2363 1942 uiam
2382 1911 2420 1942 et
2438 1915 2539 1942 uene

2125 1965 2214 1996 runt
2233 1958 2409 1997 uolucres
2429 1964 2467 1996 et
2485 1968 2534 1996 co

2126 2012 2328 2051 mederunt
2347 2023 2393 2049 ea
2412 2011 2535 2061 ⁶quae

2125 2067 2216 2104 dam
2235 2072 2364 2104 autem
2384 2064 2540 2104 caecide

2125 2127 2213 2158 runt
2231 2120 2271 2157 in
2290 2126 2443 2169 petrosa
2461 2118 2528 2156 ubi

2126 2187 2205 2212 non
2225 2173 2391 2211 habebat
2410 2177 2541 2211 terra-⁸

2125 2228 2286 2265 multam
2305 2233 2343 2265 et
2362 2226 2547 2266 continuo

2124 2281 2285 2320 exhorta
2304 2288 2394 2319 sunt
2413 2281 2503 2331 quia

2123 2348 2205 2374 non
2223 2335 2418 2373 habebant
2437 2334 2501 2372 alti

2124 2390 2296 2428 tudinem
2316 2395 2434 2426 terrae
2453 2389 2467 2409 ⁶
2480 2388 2560 2427 sole

2124 2450 2253 2482 autem
2271 2450 2355 2481 orto
2374 2449 2507 2481 aestua

2124 2503 2262 2536 uerunt
2281 2504 2318 2535 et
2337 2497 2427 2546 quia
2445 2508 2527 2534 non

2123 2551 2320 2590 habebant
2339 2551 2508 2589 radicem

2124 2611 2303 2644 aruerunt
2321 2604 2416 2643 ‘'alia
2435 2609 2552 2642 aute·-

2125 2659 2344 2698 ceciderunt
2363 2658 2403 2696 in
2423 2657 2544 2707 spinis

2125 2720 2162 2752 et
2181 2718 2381 2751 creuerunt
2400 2711 2535 2761 spinae

2124 2774 2162 2806 et
2182 2766 2466 2805 suffocauerunt
2485 2776 2532 2802 ea

2124 2820 2231 2858 ⁸Alia
2250 2830 2342 2857 uero
2360 2817 2605 2857 caeciderunt

2124 2874 2164 2912 in
2184 2881 2322 2912 terram
2341 2872 2486 2910 bonam

2123 2934 2161 2966 et
2181 2927 2324 2965 dabant
2341 2925 2508 2964 fructum
