2820 3334
286 238 388 266 xxw.
409 223 555 278 ,νβ-53]
613 223 1031 263 EUANGELIUM
1051 222 1162 262 SEC

287 315 370 345 1001.
387 315 462 344 151.

288 358 438 396 Cuntur
458 357 539 406 ipse
559 356 660 394 stetit

286 412 326 450 in
346 411 475 449 medio
494 422 628 449 eorum
648 409 761 448 3700-

287 466 506 515 turbatique
526 471 563 503 et
583 476 658 502 con

286 519 405 558 territi
425 519 628 557 existibant
649 530 689 556 se

288 577 375 623 spm
396 574 528 612 uidere

288 629 316 650 ⁸⁸
325 628 433 666 Dixit
452 634 580 666 autem
601 626 650 665 ad
670 627 756 666 illos

289 683 382 733 quid
402 683 541 720 turbati
561 682 652 720 estis
673 689 710 720 et

289 749 409 787 quare
430 736 683 787 cogitationes

289 791 547 830 ascenderunt
567 791 606 828 in
626 803 694 829 cor

290 846 337 883 de
357 853 485 884 uestro

289 899 464 938 ³⁹Uidete
485 911 575 937 ecce
596 909 734 936 manus

289 966 397 992 meas
418 960 455 992 et
473 954 593 1003 pedes
613 964 722 991 meos

289 1009 381 1059 quia
400 1021 474 1058 ego
496 1019 580 1045 sum
600 1008 682 1057 ipse

288 1063 442 1113 palpate
462 1069 499 1100 et
518 1061 646 1100 uidete
665 1073 741 1112 qua

290 1120 356 1167 sps
376 1128 532 1155 carnem
552 1123 590 1153 et
609 1128 698 1154 ossa

289 1183 369 1208 non
390 1170 505 1208 habet
526 1171 623 1208 sicut
643 1182 706 1208 me

290 1225 428 1263 uidetis
449 1225 590 1262 habere

289 1278 462 1317 41Adhuc
484 1285 610 1316 autem
631 1290 711 1315 non

292 1334 537 1372 credentibus
558 1332 630 1370 illis
651 1338 688 1370 et

290 1388 516 1425 mirantibus
536 1399 603 1436 pre
624 1398 700 1436 gau

290 1442 354 1480 dio
374 1442 468 1480 dixit
487 1441 634 1479 habetis
655 1441 716 1478 hic

291 1497 436 1547 aliquid
455 1495 688 1534 manducare

290 1550 388 1589 ⁴²Ad
408 1551 460 1587 illi
480 1550 700 1600 optulerunt
720 1549 754 1586 ei

289 1611 439 1654 partem
459 1605 573 1654 piscis
594 1605 669 1642 assi
689 1610 727 1642 et

291 1691 442 1729 Fauum
463 1691 588 1729 mellis
608 1692 681 1729 ‘¹³et

292 1747 533 1784 manducans
554 1752 673 1783 cora-

291 1801 385 1850 ipsis
404 1800 533 1838 ⁴“dixit
554 1800 603 1837 ad
622 1811 690 1838 eos

293 1855 404 1892 Haec
426 1861 514 1892 sunt
534 1855 652 1892 uerba
671 1866 746 1903 que

291 1909 442 1947 locutus
462 1921 547 1946 sum
568 1909 616 1946 ad
637 1920 709 1946 uos

291 1975 382 2002 cum
401 1963 526 2001 adhuc
546 1975 672 2000 essem

291 2018 494 2055 uobiscum
518 2017 691 2067 quonia·-

292 2071 463 2110 Necesse
484 2078 542 2109 est
562 2072 665 2121 inple

292 2126 323 2163 ri
343 2126 474 2164 omnia
493 2138 569 2176 que
591 2126 690 2164 scrib

292 2187 331 2218 ta
350 2187 439 2218 sunt
459 2181 498 2217 in
517 2181 601 2230 lege
621 2192 712 2229 moy

293 2235 323 2272 si
344 2241 381 2272 et
400 2234 596 2284 prophetis
617 2241 653 2273 et
673 2233 757 2284 psal

292 2289 364 2326 mis
383 2289 431 2327 de
451 2301 514 2327 me

293 2342 443 2381 ⁴⁵Tunc
460 2343 607 2393 aperuit
627 2343 699 2382 illis
719 2350 789 2381 se*

294 2408 380 2434 sum
399 2404 441 2434 ut
461 2398 639 2447 intellege

294 2457 378 2488 rent
398 2463 443 2488 ea
462 2463 560 2501 quae
581 2451 681 2490 scrib

293 2511 332 2542 ta
352 2511 440 2542 sunt

293 2558 379 2596 ⁴6Et
400 2558 495 2596 dixit
514 2559 568 2597 eis
587 2559 774 2609 quoniam

293 2612 325 2650 si
345 2613 528 2650 scribtum
548 2620 605 2650 est
625 2617 721 2662 xpm

293 2667 372 2717 pati
412 2673 449 2704 et
469 2679 665 2717 resurgere

294 2733 317 2759 a
336 2722 495 2759 mortuis
534 2721 605 2759 ⁴⁷et
624 2734 692 2771 pre

293 2775 420 2813 dicare
441 2775 481 2813 in
500 2776 658 2813 nomine

295 2829 376 2867 eius
396 2830 647 2879 penitentiam

295 2890 332 2922 et
351 2884 616 2923 remissionem
637 2896 710 2934 pec

296 2945 470 2976 catorum
489 2939 529 2977 in
549 2940 655 2977 omni

822 355 951 394 Gente

822 409 1101 460 Incipientibus
1123 411 1173 448 ab
1192 409 1254 447 hie

822 465 1017 514 rosolyma
1037 465 1143 503 ‘Suos
1163 476 1213 503 au

822 526 901 557 tem
921 520 1027 557 testIS
1047 519 1136 557 estis
1154 518 1282 556 horu'·

823 574 896 611 4⁹et
917 585 992 622 ego
1012 573 1121 611 mitto
1142 572 1289 622 promis

823 640 865 666 sa
883 628 1000 677 patris
1020 628 1097 665 mei
1116 627 1156 664 in
1175 638 1246 664 uos

823 694 894 720 uos
915 689 1044 720 autem
1065 681 1193 719 sedete

823 736 885 774 hic
905 737 944 773 in
964 736 1159 774 ciuitatem
1178 747 1257 785 quo

824 791 997 840 adusque
1017 790 1191 828 induami

825 845 864 882 ni
883 845 1059 882 uirtutem
1079 845 1129 882 ab
1149 844 1227 882 alto

824 899 1004 936 5⁰Eduxit
1024 906 1153 936 autem
1173 910 1262 936 eum

824 953 915 992 foris
934 955 973 990 in
994 953 1217 991 bethaniam

824 1015 862 1046 et
881 1008 1036 1047 eleuatis
1056 1008 1235 1046 manibus

825 1062 1021 1100 benedixit
1040 1074 1108 1100 eos

825 1116 909 1154 ⁶¹Et
929 1116 1074 1155 factum
1095 1122 1151 1154 est
1171 1127 1260 1154 cum

825 1171 1014 1209 benedicit
1035 1171 1121 1209 illos
1140 1183 1180 1208 re

825 1226 939 1263 cessit
959 1226 1008 1263 ab
1027 1225 1082 1263 eis

825 1280 909 1317 ⁵²Et
929 1279 1003 1329 ipsi
1023 1278 1186 1329 regressi
1207 1284 1296 1317 sunt

826 1334 866 1371 in
886 1333 1116 1371 hierusalem
1137 1340 1216 1370 cu*

825 1388 967 1438 gaudio
987 1399 1133 1437 magno
1154 1387 1226 1426 5³et

825 1449 933 1481 erant
954 1455 1106 1492 semper
1125 1442 1165 1479 in

825 1497 971 1546 templo
991 1497 1192 1534 laudantes

823 1547 1228 1602 dm«<((<(

826 1711 1312 1722 ········

826 1818 1312 1831 ········

826 1926 1313 1939 nnnnnnnn

827 2038 1313 2047 ........

827 2144 1314 2157 00000000

827 2256 1313 2267 ........

909 2288 1247 2328 SECUNDUM

829 2364 1314 2374 ........

941 2397 1220 2437 MARCUM

830 2506 852 2556 <
996 2507 1017 2558 <
1136 2507 1157 2557 <

1763 219 1915 259 LUCA
1923 219 2064 259 NIJM
2377 230 2421 270 77

1393 312 1473 341 Fol.
1490 311 1570 341 152.

1391 364 1411 391 I
1431 354 1488 391 Et
1503 358 1587 392 erat
1603 354 1777 391 iohannis
1799 353 1870 402 bap

1391 409 1511 446 tizans
1533 408 1612 445 ihm
1632 415 1669 446 et
1689 408 1795 446 uenit

1392 475 1508 512 super
1526 474 1614 500 eum
1637 466 1702 512 sps
1722 462 1761 499 di
1782 468 1819 499 et

1391 516 1460 555 fuit
1479 517 1537 555 ihs
1557 517 1596 554 in
1617 517 1766 555 deserto
1783 523 1890 567 temp

1392 577 1492 609 tatus

1391 636 1430 663 II
1449 625 1508 663 Et
1516 629 1710 675 postquam
1731 626 1840 662 tradi

1393 687 1453 718 tus
1473 686 1530 718 est
1550 679 1729 717 iohannis
1749 692 1818 729 pre

1393 734 1534 773 dicauit
1552 734 1611 772 ihs
1631 739 1668 772 et
1687 746 1787 772 uoca

1392 790 1447 827 uit
1466 788 1677 838 discipulos
1698 795 1735 826 et
1754 788 1806 826 ho

1392 844 1539 881 minem
1559 844 1608 880 ab
1629 846 1702 893 spu
1721 843 1861 880 inmu*

1394 898 1444 936 do
1466 897 1614 936 curauit

1393 962 1451 989 III
1471 951 1629 990 Socrum
1643 952 1749 1000 petri
1747 950 1862 1001 fibri

1394 1007 1466 1045 bus
1486 1006 1662 1044 liberauit
1681 1012 1719 1044 et
1738 1018 1815 1056 que

1395 1061 1529 1099 rebant
1548 1073 1637 1098 eum
1658 1061 1793 1099 turbae

1396 1121 1435 1152 ut
1455 1115 1696 1153 saluarentur

1395 1180 1469 1206 IIII
1477 1169 1521 1206 E
1519 1174 1536 1206 ι’
1545 1170 1700 1218 rogauit
1709 1168 1784 1206 ihm
1797 1170 1895 1217 lepro

1396 1236 1461 1262 sus
1481 1231 1517 1261 et
1537 1223 1740 1261 mundauit
1760 1229 1836 1261 eu*

1400 1288 1423 1314 U
1441 1277 1499 1315 Et
1514 1291 1656 1315 sanans
1666 1278 1845 1327 para-lyd

1396 1345 1486 1371 cum
1506 1332 1603 1370 dixit
1622 1333 1656 1370 ei
1676 1332 1767 1370 tolle

1396 1393 1599 1437 grauatum
1618 1393 1729 1425 tuum
1749 1392 1787 1424 et

1396 1441 1551 1479 ambula
1590 1448 1628 1479 et
1647 1441 1808 1479 iacobus

1396 1503 1547 1534 secutus
1568 1501 1626 1533 est
1646 1495 1726 1533 ihm

1400 1559 1439 1587 UI
1458 1549 1549 1587 Non
1569 1554 1622 1587 est
1638 1557 1726 1599 opus
1745 1550 1850 1587 sanis

1396 1605 1569 1642 medicus
1589 1605 1657 1642 sed
1677 1604 1778 1641 male

1395 1690 1626 1729 habentibus
1645 1697 1683 1729 et
1702 1695 1788 1729 no·-

1395 1752 1560 1795 possunt
1580 1746 1751 1783 ieiunare

1396 1801 1447 1837 fili
1467 1800 1601 1849 sponsi
1621 1812 1766 1850 sponso

1395 1860 1574 1904 presente

1399 1918 1456 1945 UII
1472 1908 1667 1957 Discipuli
1682 1909 1845 1946 uellentes

1395 1964 1523 2012 spicas
1543 1963 1712 2001 sabbatis
1732 1970 1829 2001 ma*

1396 2017 1591 2055 ducabant

1400 2081 1476 2108 UIII
1491 2070 1542 2108 In
1561 2084 1788 2121 synagogam
1808 2071 1853 2109 lzo

1395 2125 1541 2163 minem
1561 2126 1762 2163 habente-

1396 2191 1557 2218 manum
1577 2180 1723 2218 aridam
1745 2193 1788 2219 sa

1396 2235 1502 2272 nauit

1400 2298 1493 2325 UIIII
1509 2287 1568 2326 Et
1582 2301 1665 2326 cum
1686 2289 1818 2326 multos
1837 2289 1877 2326 z'n

1395 2343 1529 2382 firmos
1550 2343 1712 2381 saluabit

1396 2397 1594 2447 apostolos
1614 2397 1776 2435 nomina

1395 2453 1463 2489 tim
1482 2452 1638 2491 uocauit

1396 2515 1426 2541 X
1450 2505 1565 2543 Omne
1582 2518 1738 2555 regnum
1758 2507 1811 2544 ad

1396 2572 1529 2598 uersus
1550 2573 1590 2598 se
1612 2561 1767 2598 diuisu-

1397 2626 1478 2652 non
1498 2615 1611 2652 stabit
1631 2622 1668 2652 et
1689 2614 1755 2664 qui
1775 2614 1814 2651 di

1397 2668 1493 2705 xerit
1512 2668 1552 2705 in
1572 2671 1646 2716 spu
1666 2673 1733 2706 sco
1752 2674 1837 2705 no-

1397 2721 1610 2759 remittetur
1628 2722 1663 2759 ei
1682 2728 1719 2759 et
1738 2721 1778 2759 hi

1398 2781 1488 2813 sunt
1507 2775 1639 2813 fratres
1659 2776 1735 2813 mei

1399 2829 1465 2879 qui
1486 2829 1629 2867 faciunt
1649 2829 1769 2867 uolun

1399 2890 1518 2921 tatem
1537 2884 1654 2933 patris
1673 2884 1750 2921 mei

1401 2947 1447 2973 XI
1465 2937 1562 2976 Ecce
1580 2939 1678 2977 exiit
1693 2940 1763 2988 qui
1777 2939 1871 2977 semi

1928 350 2007 389 Nat
2028 351 2219 389 seminare
2241 358 2278 390 et

1926 406 2020 443 dum
2042 406 2206 444 seminat
2224 412 2262 444 et
2282 418 2326 445 ce

1925 466 2006 498 tera

1927 524 1993 551 XII
2010 514 2131 552 Homo
2151 516 2255 552 misit
2271 521 2390 553 seme*

1926 576 1963 606 et
1982 581 2071 606 cum
2091 569 2234 607 dormit
2255 570 2317 607 exi

1926 624 1954 661 it
1974 635 2106 661 semen
2126 631 2163 661 et
2183 624 2272 662 fecit

1929 678 2077 727 spicam
2097 684 2133 716 et
2154 679 2256 716 misit
2275 678 2325 717 fal

1928 744 2015 770 cem

1930 796 2014 822 XIII
2023 785 2080 823 Et
2089 787 2271 824 dormiens
2284 788 2324 824 in
2337 787 2434 825 naui

1929 841 2057 878 culam
2077 840 2135 878 ihs
2154 841 2257 879 facta
2276 847 2345 879 te·-

1928 901 2076 944 pestate
2097 896 2285 934 excitatus

1929 950 2128 999 conpescit
2147 956 2309 988 uentum

1929 1010 1967 1042 et
1986 1016 2094 1041 mare

1930 1067 2032 1095 XIIII
2049 1058 2099 1095 In
2118 1060 2300 1108 regionem
2315 1071 2412 1108 gera

1929 1124 2112 1150 senorum
2132 1114 2322 1151 homine-

1931 1179 1954 1204 a
1972 1167 2166 1216 legionem
2187 1167 2303 1205 demo

1931 1221 2084 1258 niorum
2108 1221 2310 1260 mundauit

1932 1285 1986 1312 Χῖ]
2000 1274 2058 1313 Et
2075 1289 2156 1313 cum
2167 1277 2259 1323 filia
2269 1277 2408 1326 princi

1931 1330 1989 1380 pis
2008 1342 2031 1367 a
2051 1331 2213 1368 mortuis
2233 1331 2341 1368 salua

1932 1389 1987 1422 ret
2008 1390 2044 1421 et
2064 1385 2266 1422 mulierem

1932 1451 1954 1476 a
1974 1439 2167 1487 profluuio
2188 1439 2327 1489 sangui

1932 1493 1991 1530 nis
2012 1493 2174 1531 saluabit

1933 1557 2005 1586 XUI
2021 1547 2113 1586 Non
2132 1551 2185 1586 est
2191 1549 2375 1597 propheta

1932 1604 2116 1653 adceptus
2137 1603 2176 1640 in
2195 1603 2350 1652 patria*

1935 1693 2053 1731 Suam
2307 1688 2434 1743 [61εεί-

1934 1757 2023 1785 XUII
2039 1746 2097 1784 Et
2113 1747 2217 1784 misit
2231 1746 2290 1784 ihs
2310 1746 2397 1783 duo-

1932 1801 2140 1851 discipulos
2161 1813 2252 1839 suos
2271 1806 2313 1837 ut

1930 1858 2172 1907 predicarent
2191 1861 2227 1893 et
2248 1866 2340 1893 cura

1930 1918 2015 1949 rent
2034 1910 2206 1948 infirmos

1933 1975 2041 2002 XUIII
2057 1964 2114 2003 Et
2130 1964 2277 2002 herodes
2296 1963 2432 2001 decolla

1931 2020 1986 2058 uit
2005 2019 2214 2058 iohannem
2233 2024 2271 2055 et
2290 2030 2339 2055 ue

1931 2080 2071 2112 nerunt
2091 2073 2140 2111 ad
2160 2072 2241 2110 ihm
2261 2072 2318 2110 dis

1931 2128 2046 2178 cipuli
2065 2134 2102 2166 et
2121 2127 2253 2165 refecit
2272 2138 2340 2164 eos

1932 2192 2058 2219 XUIIII
2073 2181 2134 2219 De
2152 2183 2309 2231 quinque
2321 2182 2432 2230 pani-

1931 2238 1970 2275 in
1991 2237 2162 2287 quinque
2185 2235 2290 2274 milia
2346 2233 2432 2288 [bus

1931 2292 2135 2330 hominum

1932 2355 1990 2382 XX
2012 2344 2355 2395 sz'superfluclus
2370 2356 2432 2382 ma

1931 2401 1982 2438 ris
2002 2399 2214 2437 ambulauit
2250 2404 2288 2435 et
2306 2398 2346 2435 in

1931 2454 2065 2492 firmos
2085 2452 2236 2491 sanauit

1932 2517 2009 2545 XXI
2024 2507 2114 2546 Non
2135 2508 2219 2545 lotis
2237 2506 2407 2545 manibus

1930 2562 2044 2600 edere
2065 2574 2145 2600 non
2165 2560 2323 2611 coinqui

1930 2622 2025 2653 nant
2044 2615 2243 2653 hominem

1932 2679 2027 2705 XXII
2042 2668 2133 2706 Non
2148 2670 2231 2706 licet
2243 2669 2363 2706 tollere
2372 2675 2431 2718 pa

1932 2735 2022 2761 nem
2042 2723 2207 2761 filiorum
2225 2729 2263 2761 et
2283 2723 2353 2760 mit

1931 2784 2009 2815 tere
2029 2777 2171 2816 catellis
2190 2783 2227 2816 et
2245 2785 2342 2815 mu*

1932 2831 2036 2869 dauit
2055 2831 2222 2881 puellam
2242 2844 2265 2870 a
2284 2831 2333 2871 de

1932 2886 2068 2925 monio

1936 2949 2047 2977 XXIII
2064 2941 2260 2979 Hominem
2275 2941 2432 2979 surdum
