2820 3334
447 226 498 263 94

444 298 530 331 13'01.
545 299 623 330 185.

445 342 529 381 Etsi
549 353 688 380 omnes
707 341 852 380 scanda

445 396 546 435 lizati
564 395 703 435 fuerint
723 395 791 434 sed
810 408 886 446 ego

447 462 529 488 non
550 450 842 489 scandalizabor

444 503 543 542 ⁸⁰cui
563 503 655 542 dixit
673 503 732 542 ihs
752 516 866 542 amen
886 504 925 542 di

444 569 494 597 co
512 558 580 596 tibi
600 558 708 609 quod
727 558 801 596 hac
821 569 898 597 noc

445 619 483 650 te
502 618 592 651 ante
610 624 731 663 quam
750 612 874 662 gallus

446 673 574 705 cantet
592 672 650 705 ter
668 678 732 706 me
751 678 853 716 nega

444 720 504 759 bis
684 720 711 742 ³¹
720 727 758 759 et
776 720 838 759 ille

445 774 610 825 amplius
630 774 860 826 loquebatur

445 829 517 867 etsi
535 829 748 878 oportuerit
767 828 881 867 simul

445 894 508 920 me
528 884 703 922 conmori
722 883 790 922 tibi
809 890 895 921 no-

445 944 483 975 te
502 937 656 987 negabo

447 990 624 1029 Similiter
643 991 759 1030 etiam
778 998 815 1030 et
833 1003 901 1030 om

444 1057 514 1083 nes
533 1045 712 1083 dicebant

443 1099 531 1137 ³²Et
549 1099 712 1137 ueniunt
730 1099 770 1137 in
790 1100 924 1150 praedi

444 1164 513 1191 um
532 1153 595 1192 cui
613 1165 760 1192 nomen
778 1154 855 1204 ged

444 1207 596 1245 samani
669 1215 707 1246 et
725 1208 777 1246 ait
795 1208 854 1247 dis

445 1261 583 1311 cipulis
604 1261 682 1300 suis
701 1262 832 1301 sedete

444 1314 506 1354 hic
526 1316 653 1354 donec
673 1328 784 1354 orem

443 1369 530 1408 ³³Et
548 1369 716 1408 adsumit
735 1376 886 1420 petrum

443 1429 482 1462 et
500 1423 683 1462 iacobum
700 1431 737 1462 et
756 1425 879 1464 ioha*

444 1488 538 1516 nem
558 1490 691 1516 secum
709 1485 747 1517 et
766 1491 836 1517 coe

444 1532 499 1581 pit
519 1544 663 1582 pauere
682 1539 720 1570 et
740 1533 873 1571 tediari

443 1585 529 1624 ³⁴Et
548 1586 601 1624 ait
620 1586 691 1626 illis
709 1588 893 1627 contrista

446 1724 511 1764 Ta
529 1732 587 1765 est
605 1727 735 1766 anima
754 1739 843 1766 mea

444 1792 567 1831 usque
588 1780 638 1819 ad
657 1788 822 1820 mortem

444 1835 628 1874 sustinete
643 1835 704 1874 hic
724 1842 762 1875 et
780 1837 821 1875 ui

443 1889 560 1938 gilate

443 1941 531 1981 ³⁶Et
549 1943 742 1982 adcedens
761 1944 863 1995 pusil

447 1996 529 2035 lum
546 1998 712 2047 procidit
730 1998 769 2036 in
789 1999 828 2037 fa

447 2051 549 2089 ciem
569 2064 683 2102 super
701 2060 834 2091 terra-

447 2111 485 2142 et
506 2106 640 2144 orabat

446 2159 487 2196 Si
508 2158 589 2198 fieri
609 2166 740 2210 posset
760 2167 800 2199 ut
819 2168 906 2200 tra-

445 2213 534 2252 siret
552 2214 603 2252 ab
622 2226 670 2252 eo
690 2214 754 2252 illa
772 2214 870 2255 hora

445 2267 521 2306 ³⁶et
541 2267 635 2306 dixit
654 2269 757 2306 abba
776 2276 885 2320 pater

445 2321 643 2372 possibilia
662 2324 793 2361 omnia

444 2376 514 2414 tibi
534 2383 624 2414 sunt
643 2377 804 2416 transfer

445 2441 470 2468 a
487 2441 551 2468 me
570 2430 731 2469 calicem
750 2431 855 2471 hunc

445 2484 515 2522 sed
534 2496 615 2523 non
635 2485 733 2524 sicut
753 2498 829 2536 ego

446 2538 538 2577 uolo
557 2539 626 2577 sed
646 2540 744 2578 sicut
762 2547 804 2578 tu
823 2540 883 2579 uis

444 2591 531 2630 ”Et
549 2594 655 2632 uenit
675 2600 712 2632 et
731 2594 879 2633 inuenit

445 2657 514 2684 eos
533 2646 766 2687 dormientes

445 2706 483 2737 et
502 2701 553 2738 ait
571 2709 683 2751 petro
703 2702 831 2741 simon

446 2752 593 2792 dormis
612 2768 691 2794 non
711 2764 806 2806 potu

444 2806 525 2845 istis
543 2807 638 2846 hora
661 2821 740 2848 una
758 2811 798 2848 ui

444 2860 562 2911 gilare
580 2861 757 2912 ”surgite
777 2870 815 2902 et

444 2922 552 2953 orate
588 2923 628 2954 ut
648 2923 775 2955 transe

445 2975 483 3007 at
502 2981 526 3007 a
544 2970 657 3009 uobis
677 2972 875 3022 temptatio

758 211 803 250 E
805 210 876 250 UA
883 210 933 251 N
933 209 1082 250 GELI
1083 210 1179 250 UM

983 340 1058 391 Sps
1077 340 1232 392 quidem
1253 353 1365 391 prom

980 402 1042 434 tus
1061 407 1151 434 caro
1172 402 1302 434 autem
1320 396 1361 433 in

981 450 1092 488 firma

980 503 1067 542 ³⁹Et
1086 504 1225 542 iterum
1245 503 1337 542 abiit
1356 515 1466 542 orare

980 557 1067 596 ⁴⁰Et
1084 558 1248 596 ueniens
1267 558 1415 596 inuenit

981 623 1050 651 eos
1069 612 1304 651 dormientes
1324 616 1423 650 era-

980 667 1085 705 enim
1104 666 1206 705 oculi
1224 677 1361 705 eorum

981 721 1130 771 grauati
1185 727 1223 759 et
1241 721 1335 771 igno

981 776 1116 813 rabant
1135 774 1228 825 quid
1246 779 1392 824 respo*

980 829 1117 867 derent
1135 830 1170 867 ei

980 883 1065 921 ⁴¹Et
1085 883 1191 921 uenit
1210 883 1320 922 tertio
1339 889 1378 921 et
1396 882 1450 921 ait

981 937 1052 975 illis
1090 937 1254 975 dormite
1274 937 1350 974 iam
1370 944 1409 976 et

980 991 1204 1041 requiescite
1224 990 1330 1028 adest

978 1045 1082 1083 enim
1102 1045 1388 1084 consummatio

979 1105 1018 1137 et
1038 1099 1145 1137 uenit
1163 1098 1258 1137 hora
1277 1111 1371 1138 ecce

980 1153 1150 1192 tradetur
1169 1153 1266 1191 filius
1286 1153 1338 1191 ho

979 1208 1095 1246 minis
1113 1207 1153 1245 in
1173 1219 1313 1246 manus
1333 1220 1406 1258 pec

979 1269 1153 1300 catorum
1172 1262 1200 1282 ⁴²
1209 1262 1352 1312 surgite

979 1328 1114 1354 eamus
1133 1328 1225 1354 ecce
1244 1317 1355 1366 proxi

980 1377 1060 1408 mat
1078 1370 1238 1408 traditor
1256 1382 1367 1409 meus

980 1423 1110 1461 XLU1⁴³
1129 1423 1187 1463 Et
1203 1425 1324 1463 adhuc
1341 1438 1379 1463 eo

1328 1477 1480 1532 [loque-

981 1539 1016 1571 te
1035 1534 1140 1572 uenit
1158 1533 1268 1572 iudas
1287 1545 1352 1572 sca

979 1587 1080 1626 rioht
1135 1600 1237 1626 unus
1257 1588 1305 1626 de
1326 1588 1405 1626 duo

979 1641 1106 1680 decim
1124 1649 1162 1681 et
1181 1654 1272 1681 cum
1291 1654 1340 1681 eo

979 1727 1138 1767 Turbae
1157 1741 1247 1767 cum
1266 1728 1403 1780 gladiis

978 1788 1017 1821 et
1035 1782 1198 1821 fustibus
1218 1796 1240 1822 a
1259 1783 1421 1834 principi

979 1838 1052 1875 bus
1072 1838 1318 1876 sacerdotum
1337 1838 1411 1875 mis

979 1891 1010 1930 si
1138 1891 1331 1930 “dederat
1350 1904 1400 1930 au

978 1951 1058 1984 tem
1077 1945 1214 1984 trditor
1232 1946 1313 1984 eius
1333 1947 1393 1997 sig

979 2011 1074 2038 num
1094 2000 1224 2039 dicens
1244 2012 1362 2051 quem

979 2054 1176 2092 osculatus
1195 2055 1303 2093 fuero
1323 2056 1362 2104 ip

980 2120 1020 2146 se
1040 2114 1098 2146 est
1118 2115 1243 2147 tenete
1263 2109 1370 2147 illum
1390 2115 1428 2148 et

980 2162 1107 2201 ducite
1127 2162 1329 2213 diligenter

980 2217 1065 2255 ⁴⁵Et
1081 2229 1173 2255 cum
1187 2217 1409 2256 adcessitset
1428 2218 1479 2256 ait

980 2270 1031 2308 illi
1050 2271 1159 2309 rabbi
1178 2278 1215 2310 et
1233 2271 1430 2310 osculatus

981 2331 1040 2363 est
1059 2325 1166 2363 illurn

980 2377 1074 2416 ⁴⁶Illi
1094 2391 1189 2418 uero
1210 2379 1421 2419 iniecerunt

981 2444 1122 2471 manus
1141 2440 1179 2471 et
1197 2440 1402 2472 tenuerunt

980 2498 1071 2524 eum

979 2541 1064 2579 ⁴⁷Et
1084 2552 1185 2579 unus
1206 2541 1253 2579 de
1273 2541 1421 2580 circum

980 2595 1169 2633 stantibus
1187 2603 1343 2634 exemto

979 2649 1110 2699 gladio
1130 2650 1319 2700 percussit
1337 2662 1399 2688 ser

979 2715 1073 2742 uum
1093 2704 1275 2754 principis
1294 2716 1405 2743 sacer

979 2758 1116 2796 dotum
1136 2765 1173 2796 et
1192 2766 1352 2808 amputa

977 2812 1033 2850 uit
1052 2812 1262 2851 auriculam
1281 2813 1363 2851 eius

978 2866 1081 2905 ⁴⁸1hs
1101 2874 1230 2905 autem
1250 2866 1345 2905 dixit
1364 2866 1435 2905 illis

977 2927 1178 2971 tamquam
1198 2920 1246 2959 ad
1265 2921 1360 2960 latro

977 2986 1067 3012 nem
1087 2975 1246 3013 uenistis
1265 2986 1354 3013 cum

1311 3056 1419 3083 xxvll

1851 212 1965 253 SEC
1990 212 2262 254 MARCUM
2341 212 2435 269 [xiv.
2458 222 2585 266 29-67.

1549 298 1632 330 1¹01.
1648 299 1729 329 186.

1549 341 1698 380 Gladiis
1716 346 1754 380 et
1773 340 1935 381 fustibus

1549 395 1862 445 conprehendere
1881 408 1945 435 me

1549 449 1737 488 ”cottidie
1756 456 1850 499 aput
1865 462 1938 489 uos
1952 458 2051 490 era-

1550 503 1590 541 in
1610 503 1755 554 templo
1776 504 1919 543 docens
1939 512 1976 543 et

1549 569 1631 596 non
1650 569 1713 595 me
1733 559 1906 597 tenuistis
1925 558 1994 597 sed

1550 618 1587 650 et
1606 611 1875 662 adinpleantur
1893 613 1994 663 scrip

1550 672 1656 704 turae

1549 720 1635 758 ⁵⁰Et
1654 719 1885 770 reliquentes
1905 732 1995 759 eum

1550 786 1688 813 omnes
1707 774 1900 825 fugierunt

1549 827 1576 849 ⁶¹
1584 828 1824 867 Adulescens
1840 835 1969 867 autem
1984 829 2050 880 qui

1549 881 1641 920 dam
1660 883 1892 933 sequebatur
1911 895 1979 921 eos

1549 936 1714 974 amictus
1735 937 1898 975 sindone
1919 949 1964 976 su

1549 1002 1619 1040 pra
1639 990 1787 1028 nudum
1807 1003 1949 1041 corpus

1549 1051 1586 1082 et
1605 1050 1810 1083 tenuerunt
1828 1057 1919 1084 eum

1549 1098 1635 1137 ⁶²ad
1654 1099 1716 1137 ille
1736 1099 1868 1138 relicta
1886 1099 1999 1138 sindo

1549 1165 1598 1191 ne
1617 1152 1712 1203 fugit
1731 1154 1859 1193 nudus
1878 1155 1929 1192 ab
1947 1155 2004 1192 eis
2041 1163 2043 1168 ’

1548 1207 1635 1245 ⁶³Et
1654 1207 1896 1246 adduxerunt
1914 1207 1994 1246 ihm

1549 1260 1598 1299 ad
1618 1261 1832 1312 principem
1852 1273 1960 1302 sacer

1549 1315 1686 1353 dotum
1742 1322 1780 1354 et
1798 1328 1925 1355 conue

1549 1376 1688 1407 nerunt
1706 1370 1890 1421 principis
1909 1381 1953 1409 sa

1548 1422 1750 1462 cerdotum
1769 1430 1806 1462 et
1826 1424 1950 1463 scribe

1547 1483 1585 1515 et
1603 1478 1775 1516 seniores
1911 1476 2047 1531 [seque

1547 1531 1633 1569 ⁵⁴Et
1652 1538 1783 1581 petrus
1802 1544 1826 1570 a
1845 1531 1962 1582 longe

1547 1586 1659 1624 batur
1677 1597 1800 1637 usque
1819 1586 1921 1625 intus

1547 1725 1599 1764 iN
1620 1727 1759 1765 atrium
1778 1727 1902 1777 princi

1547 1780 1608 1831 pis
1627 1781 1871 1820 sacerdotum
1890 1788 1928 1819 et

1548 1834 1685 1874 sedens
1704 1847 1795 1874 cum
1814 1835 1928 1874 minis

1547 1890 1612 1928 tris
1632 1890 1877 1928 calefaciebat
1897 1902 1937 1928 se

1548 1943 1595 1982 ad
1616 1944 1747 1994 ignem

1547 1997 1766 2048 ⁶⁶Principis
1786 2004 1915 2036 autem
1940 2010 2048 2036 sacer

1548 2052 1683 2091 dotum
1702 2059 1740 2090 et
1758 2053 1970 2090 uniuersu-

1547 2106 1755 2145 concilium
1774 2107 1976 2156 quereba-

1548 2160 1734 2199 aduersus
1753 2161 1833 2198 ihm
1852 2167 1909 2199 tes

1547 2215 1751 2253 timonium
1771 2222 1813 2253 ut
1832 2227 1924 2253 eum

1548 2269 1662 2307 morti
1681 2269 1814 2307 darent
1832 2276 1869 2307 et
1887 2275 1969 2308 no-

1547 2323 1795 2361 inueniebant
1813 2323 1929 2362 ¹⁵⁶mul

1548 2377 1574 2415 ti
1594 2385 1723 2416 autem
1742 2377 1922 2416 dicebant

1549 2431 1706 2470 Falsum
1724 2432 1918 2470 testimoni

1548 2497 1615 2523 um
1635 2485 1819 2524 aduersus
1837 2497 1928 2524 eum

1547 2546 1585 2578 et
1604 2551 1685 2577 non
1704 2546 1812 2577 erant
1830 2551 1907 2578 con

1548 2593 1739 2632 uenientia
1756 2593 1910 2631 testimo

1548 2648 1611 2686 nia
1773 2648 1844 2685 ⁶⁷et
1863 2647 1925 2686 alii

1547 2708 1775 2753 exurgentes
1794 2701 1921 2740 falsu-

1546 2756 1807 2795 testimonium
1826 2755 1911 2794 dice

1547 2812 1640 2849 bant
1659 2811 1847 2849 aduersus
1865 2816 1946 2848 eu‘·

1547 2865 1719 2903 dicentes

1545 2919 1778 2967 ”Quoniam
1799 2929 1871 2957 nos
1890 2917 1980 2956 audi

1545 2974 1671 3012 uimus
1691 2972 1795 3012 hunc
1814 2972 2006 3011 dicentem

2082 343 2170 393 Ego
2190 343 2385 383 destruam
2405 349 2472 384 te*

2082 398 2192 447 plum
2211 398 2251 436 di
2270 411 2390 437 manu
2409 398 2470 438 fac

2083 458 2168 489 tum
2187 459 2225 491 et
2244 459 2333 503 post
2352 453 2522 492 triduum

2082 505 2176 544 illud
2195 507 2391 546 suscitabo
2410 515 2494 546 no-

2083 571 2203 598 manu
2222 560 2366 599 factum
2383 561 2439 599 ⁸⁹e
2458 567 2547 600 no‘

2082 621 2191 652 erant
2209 615 2361 665 equalia
2379 621 2437 654 tes

2083 667 2241 706 timonia
2259 669 2413 707 illorum

2082 720 2166 759 ⁶0Et
2184 734 2375 772 exurgens
2401 723 2582 775 princeps

2083 775 2325 814 sacerdotum
2343 777 2384 814 in
2401 789 2466 817 me

2082 828 2189 867 dium
2208 830 2403 880 interroga

2083 883 2149 921 bat
2168 883 2248 921 ihm
2268 884 2401 923 dicens
2420 893 2504 924 no-

2082 938 2321 987 respondens
2340 938 2461 977 aduer

2083 1003 2171 1030 sum
2189 1004 2236 1030 ea
2253 1004 2329 1043 que
2346 993 2412 1031 tibi
2431 993 2495 1032 obi

2083 1046 2202 1084 cietur
2221 1047 2271 1084 ab
2290 1046 2347 1085 his
2384 1046 2480 1086 ⁶¹ille

2083 1107 2212 1138 autem
2231 1101 2351 1140 tacuit
2369 1108 2407 1140 et
2425 1101 2466 1139 ni

2082 1153 2135 1192 hil
2155 1155 2351 1204 respondit
2370 1155 2463 1193 itera

2082 1214 2123 1247 to
2142 1208 2192 1246 ait
2211 1215 2253 1246 tu
2273 1221 2315 1247 es
2334 1213 2408 1259 xps
2427 1209 2527 1248 filius

2082 1263 2271 1301 benedicti

2081 1316 2109 1337 ⁶²
2118 1316 2183 1355 Ihs
2202 1328 2294 1355 uero
2314 1317 2527 1367 respondes

2082 1370 2133 1408 ait
2151 1370 2203 1408 illi
2223 1383 2298 1420 ego
2319 1383 2405 1409 sum
2424 1378 2462 1409 et

2081 1424 2260 1463 uidebitis
2280 1425 2399 1462 filium
2420 1425 2472 1465 ho

2082 1478 2195 1517 minis
2215 1478 2413 1517 sedentem

2081 1533 2132 1571 ad
2151 1532 2346 1571 dexteram
2365 1532 2405 1571 di
2424 1540 2462 1572 et

2082 1587 2302 1626 uenientem
2321 1599 2411 1626 cum

2083 1726 2263 1766 Nubibus
2283 1727 2378 1766 caeli

2080 1781 2108 1803 ⁶⁸
2114 1781 2288 1821 Audiens
2300 1782 2394 1821 haec
2406 1794 2583 1822 summus

2081 1836 2262 1875 sacerdos
2282 1837 2391 1875 scidit
2411 1849 2479 1876 ues

2081 1891 2240 1929 timenta
2258 1902 2328 1929 sua
2347 1898 2385 1929 et
2403 1891 2454 1930 ait

2083 1944 2175 1995 quid
2195 1944 2321 1983 adhuc
2341 1957 2440 1995 opus
2459 1945 2510 1983 ha

2082 1999 2218 2036 bemus
2238 1999 2397 2037 testibus
2434 1999 2519 2037 ⁶‘au

2083 2053 2188 2091 distis
2207 2052 2487 2103 blasphemiam

2082 2107 2175 2157 quid
2194 2107 2306 2146 uobis
2325 2107 2479 2146 uidetur

2082 2161 2133 2199 Et
2153 2173 2291 2199 omnes
2310 2161 2477 2200 condem

2082 2222 2271 2253 nauerunt
2290 2227 2381 2253 eum
2400 2227 2441 2253 re

2082 2281 2150 2306 um
2169 2269 2301 2307 mortis

2081 2323 2167 2361 ⁶⁶Et
2185 2329 2394 2373 coeperunt
2412 2322 2571 2374 quidam

2082 2389 2296 2427 conspuere
2316 2389 2407 2415 eum
2425 2385 2463 2415 et

2081 2430 2253 2470 uelantes
2271 2431 2410 2470 faciem
2427 2431 2510 2470 eius

2081 2485 2253 2535 colaphis
2273 2497 2386 2536 agere
2406 2493 2444 2524 et

2081 2539 2207 2578 dicere
2227 2540 2410 2590 profetiza
2427 2546 2466 2578 et

2081 2593 2240 2632 ministri
2257 2606 2348 2633 cum
2367 2594 2493 2633 uolu-

2080 2653 2157 2686 tate
2177 2647 2295 2699 alapis
2313 2660 2404 2686 eum
2423 2660 2469 2687 ce

2081 2701 2225 2740 debant

2080 2756 2109 2777 ⁶⁶
2116 2756 2166 2794 Et
2185 2761 2316 2806 petrus
2335 2766 2424 2793 cum
2442 2761 2543 2793 esset

2080 2810 2120 2847 in
2138 2810 2277 2848 atrium
2295 2809 2399 2846 uenit
2417 2808 2468 2846 ad

2079 2863 2187 2901 illum
2206 2875 2283 2900 una
2301 2874 2349 2900 ex
2369 2860 2469 2899 ancil

2079 2917 2125 2956 lis
2144 2915 2284 2955 summi
2304 2915 2463 2954 sacerdo

2079 2971 2127 3009 tis
2218 2970 2288 3008 ⁶⁷et
2307 2981 2397 3009 cum
2416 2968 2522 3008 uidis
