2866 3346
278 238 330 265 lx.
354 238 458 264 21-X.
482 221 554 277 21.]
611 222 1029 264 EUANGELIUM
1065 223 1177 264 SEC

278 313 360 345 1¹01.
378 313 438 344 64.

279 356 380 403 Quis
400 356 546 406 aperuit
566 354 700 394 oculus

277 422 350 448 nos
370 410 563 448 nescimus
586 410 715 460 ipsum

276 464 507 514 interrogate
528 471 691 503 aetatem

276 518 393 557 habet
412 519 494 569 ipse
515 531 585 568 pro
601 531 640 557 se
662 519 779 568 loqua

276 579 338 610 tur
364 612 370 618 ,
703 570 779 625 [tes

275 627 304 648 ²²
314 626 425 665 Haec
443 626 620 665 dixerunt
640 640 779 677 paren-

275 681 357 719 eius
377 681 468 731 quia
487 682 674 720 timebant

274 735 409 774 iudeos
447 736 525 773 iam
545 736 649 774 enim

275 789 527 828 decreuerant
546 790 669 828 iudaei

275 851 317 882 ut
337 845 368 882 si
389 845 476 894 quis
495 857 586 883 eurn
606 844 707 882 confi

273 904 414 936 teretur
433 911 522 936 eurn
542 902 636 948 xpm
656 911 703 937 ex

275 959 333 991 tra
352 965 552 1002 synagoga
571 960 672 991 esset

274 1006 305 1028 ²³
311 1013 514 1057 propterea
532 1014 712 1057 parentes

274 1061 356 1098 eius
377 1061 554 1099 dixerunt
592 1062 683 1111 quia

274 1122 440 1153 aetatem
460 1115 576 1153 habet
596 1117 724 1165 ipsum

275 1169 508 1218 interrogate

271 1221 301 1243 ²⁴
310 1222 557 1261 Uocauerunt
576 1235 669 1273 ergo
688 1223 740 1262 ho

272 1277 418 1315 minem
437 1277 576 1315 iterum
597 1278 662 1328 qui

272 1330 392 1369 fuerat
412 1343 551 1370 caecus
571 1339 607 1370 et
629 1332 667 1369 di

271 1392 409 1424 xerunt
428 1386 462 1424 ei
483 1386 532 1424 da
553 1386 730 1425 honore*

270 1439 324 1478 do
434 1452 505 1478 nos
525 1440 666 1479 scimus

271 1494 362 1543 quia
382 1494 443 1532 hic
464 1494 582 1532 homo
602 1507 721 1545 pecca

271 1555 331 1586 tor
351 1555 408 1586 est
462 1548 490 1569 ²⁵
499 1549 592 1587 dixit
612 1561 705 1599 ergo

271 1602 332 1641 ille
371 1603 402 1640 si
423 1610 606 1652 peccator
626 1610 683 1642 est

273 1688 416 1727 Nescio
435 1701 557 1727 unum
578 1689 660 1728 scio

271 1743 361 1793 quia
381 1755 519 1781 caecus
544 1756 650 1782 eram

272 1804 309 1835 et
329 1797 448 1835 modo
468 1797 584 1836 uideo

270 1851 496 1890 ²⁶Dixerunt
516 1864 610 1902 ergo
630 1852 664 1890 ei
680 1853 773 1904 quid

270 1904 358 1943 fecit
377 1906 445 1943 tibi
465 1907 664 1956 quomodo

270 1960 418 2009 aperuit
437 1960 571 1999 oculus
592 1967 679 1999 tuus

268 2013 297 2034 ²⁷
306 2013 526 2064 Respondit
545 2015 599 2052 eis
619 2015 695 2053 iam
716 2015 754 2054 di

268 2068 307 2106 xi
327 2069 439 2107 uobis
459 2076 495 2107 et
516 2069 675 2108 audistis

269 2123 361 2172 quid
381 2123 520 2161 iterum
540 2125 672 2162 audire

267 2176 382 2215 uultis
420 2178 610 2227 numquid
630 2185 667 2216 et

267 2242 340 2269 uos
359 2231 470 2269 uultis
491 2232 670 2284 discipuli

269 2285 351 2323 eius
370 2285 450 2324 fieri

268 2336 589 2378 ²⁸Maledixerunt
609 2352 651 2379 er

268 2405 320 2443 go
339 2394 374 2431 ei
394 2400 431 2431 et
451 2395 630 2433 dixerunt

269 2454 310 2484 tu
330 2447 539 2497 discipulus
559 2450 639 2487 eius

268 2507 325 2538 est
346 2513 417 2539 nos
437 2502 613 2552 discipuli
633 2515 725 2553 moy

269 2554 301 2592 si
322 2566 456 2592 sumus
476 2556 583 2594 ²⁹nos
607 2557 752 2596 seimus

268 2608 359 2658 quia
378 2610 502 2657 moysi
520 2610 670 2649 locutus

268 2669 326 2701 est
346 2662 393 2700 ds
413 2662 516 2701 hunc
535 2671 663 2702 autem

267 2717 463 2754 nescimus
484 2718 587 2756 unde
607 2718 655 2756 sit

267 2770 523 2820 ³⁰Respondit
543 2772 602 2810 ille
621 2772 743 2812 homo

268 2831 304 2862 et
323 2825 418 2862 dixit
439 2825 478 2862 in
498 2825 574 2864 hoe
595 2827 691 2866 mira

267 2878 341 2917 bile
361 2885 418 2917 est
493 2881 582 2930 quia
602 2893 673 2921 uos

267 2932 422 2971 nescitis
441 2935 543 2974 unde
564 2936 610 2974 sit

336 3020 489 3040 BuanNAN

813 354 864 393 Et
883 356 1032 406 aperuit
1051 355 1186 395 oculus

814 422 924 448 meos
962 410 1140 449 ³¹scirnus
1161 411 1251 461 quia

814 463 1053 514 peccatorest
1073 464 1119 502 ds
1140 473 1221 503 no-

814 519 972 556 exaudit
1009 519 1076 557 sed
1097 519 1126 557 si
1148 519 1233 569 quis

813 573 853 610 di
874 573 997 611 cultor
1016 580 1074 612 est
1111 582 1149 611 et
1168 585 1220 611 uo

813 627 999 665 luntatem
1021 628 1102 666 eius
1122 628 1212 666 facit

812 681 915 720 hunc
936 681 1092 720 exaudit
1111 682 1170 720 ³22.
1190 694 1281 720 secu

812 736 850 774 lo
871 748 1083 786 numquam
1103 736 1192 774 audi

812 797 895 827 tum
915 797 973 829 est
993 790 1084 840 quia
1103 802 1222 840 aperu

812 844 839 882 it
859 845 946 894 quis
966 845 1101 884 oculus
1121 844 1225 883 caeci

811 899 891 936 nati
930 899 1037 937 ⁸³nisi
1058 905 1158 937 esset
1179 899 1239 937 hic

811 965 834 991 a
854 952 907 991 do
945 965 1026 991 non
1045 960 1196 1003 poterat

810 1006 936 1045 facere
956 1006 1163 1059 quicquam

811 1061 1151 1111 “Responderunt
1171 1068 1208 1100 et
1226 1061 1313 1100 dixe

809 1122 898 1153 runt
918 1116 951 1154 ei
971 1116 1009 1153 in
1031 1117 1200 1165 peccatis
1220 1123 1277 1154 est

810 1176 915 1207 totus
936 1178 1047 1208 natus
1069 1192 1078 1202 ·
1117 1177 1154 1208 et
1175 1177 1215 1208 tu

810 1223 926 1262 doces
946 1236 1017 1263 nos
1037 1231 1075 1262 et
1095 1225 1265 1263 eicerunt

809 1290 900 1316 eum
919 1277 1021 1316 foras

810 1332 1005 1371 ³⁵Audiuit
1018 1340 1147 1370 autem
1156 1333 1214 1371 ihs
1222 1333 1313 1384 quia

811 1387 982 1426 eicerunt
1002 1399 1089 1425 eum
1111 1387 1150 1425 fo

809 1453 870 1479 ras
890 1447 928 1479 et
952 1453 1040 1480 curn
1061 1442 1212 1480 inuenis

810 1502 867 1533 set
886 1495 992 1533 illurn
1011 1495 1115 1534 foras
1135 1495 1230 1533 dixit

809 1549 843 1587 ei
864 1556 905 1587 tu
925 1550 1049 1588 credis
1074 1550 1193 1588 filium
1213 1550 1253 1588 di

809 1603 837 1625 ³⁰
845 1603 1066 1654 Respondit
1085 1604 1146 1643 ille
1166 1612 1203 1642 et
1218 1604 1312 1643 dixit

809 1691 910 1738 Quis
930 1698 988 1730 est
1009 1693 1083 1730 dfie
1103 1699 1144 1730 ut
1164 1705 1226 1732 cre

809 1746 899 1785 dam
919 1746 959 1783 in
979 1759 1068 1784 eum
1196 1745 1311 1801 [uidis

809 1799 836 1821 ⁸⁷
845 1800 894 1838 Et
914 1800 1008 1838 dixit
1028 1801 1063 1839 ei
1082 1801 1142 1839 ihs
1183 1809 1220 1840 et

808 1854 835 1892 ti
855 1867 944 1892 eum
964 1862 1001 1893 et
1021 1856 1086 1906 qui
1106 1856 1273 1906 loquitur

808 1915 937 1947 tecum
957 1910 1040 1959 ipse
1061 1917 1118 1948 est
1174 1911 1272 1949 ⁸⁸cre

809 1962 860 2002 do
881 1964 957 2002 dfie
973 1971 1010 2001 et
1026 1964 1213 2004 adorabat
1229 1973 1307 2003 eu*

808 2018 881 2055 ³⁹et
900 2018 952 2055 ait
973 2019 1031 2056 ihs

808 2070 854 2109 In
868 2072 1051 2112 iudicium
1067 2085 1141 2124 ego
1154 2074 1194 2111 in
1206 2073 1309 2112 hunc

807 2126 995 2166 mundum
1015 2130 1104 2165 ueni
1124 2135 1165 2165 ut
1188 2129 1254 2178 qui

807 2193 888 2218 non
908 2181 1013 2220 uidet
1033 2181 1162 2220 uideat
1182 2189 1219 2220 et

807 2235 871 2284 qui
892 2235 1026 2273 uident
1047 2237 1151 2275 caeci
1172 2237 1265 2274 fiant

806 2289 892 2326 ⁴⁰Et
912 2290 1114 2328 audierunt
1133 2303 1180 2328 ex
1202 2290 1280 2341 pha

806 2343 911 2381 riseis
931 2344 997 2394 qui
1016 2356 1106 2383 cum
1126 2345 1210 2394 ipso

805 2404 913 2435 erant
933 2405 970 2435 et
991 2398 1170 2437 dixerunt
1189 2399 1224 2437 ei

807 2451 985 2501 numquit
1006 2459 1043 2491 et
1064 2465 1137 2492 nos
1156 2460 1193 2491 et
1212 2465 1256 2492 ce

805 2506 840 2543 ci
861 2518 995 2544 sumus
1205 2505 1308 2560 [esse

805 2559 947 2598 ‘¹¹Dixit
976 2560 1030 2598 eis
1058 2561 1117 2599 ihs
1147 2561 1176 2599 si
1203 2563 1307 2601 caeci

805 2614 852 2651 tis
873 2626 954 2652 non
974 2614 1166 2653 haberetis
1186 2628 1258 2666 pec

805 2674 934 2706 catum
955 2669 1023 2706 sed
1043 2669 1167 2707 dicitis
1187 2671 1278 2720 quia

804 2721 982 2759 uidemus
1002 2732 1205 2771 peccatum

806 2782 975 2813 uestrum
997 2783 1126 2814 manet

806 2829 862 2867 101
877 2829 1005 2867 Arnen
1022 2842 1137 2868 amen
1153 2830 1240 2869 dico
1257 2842 1308 2869 uo

804 2884 862 2922 bis
884 2884 950 2934 qui
969 2895 1049 2922 non
1069 2884 1199 2923 introit

806 2950 874 2988 per
895 2939 1050 2976 ianuam
1070 2939 1109 2977 in
1130 2951 1178 2977 co

1762 222 1792 260 I
1792 222 1907 261 ΟΗΑ
1914 222 2105 262 NNEM

1386 311 1470 342 1¹01.
1488 312 1548 343 65.

1386 354 1553 394 Hortem
1573 354 1706 393 ouium

1386 409 1453 447 sed
1474 409 1657 448 ascendet
1676 409 1780 448 aliun

1384 463 1432 501 de
1451 463 1514 502 ille
1534 463 1593 501 fur
1613 470 1670 502 est
1689 471 1726 502 et
1746 465 1840 503 latro

1383 516 1483 565 ²Qui
1504 525 1632 556 autern
1653 518 1783 556 introit
1799 531 1869 569 per

1383 572 1539 610 ianuam
1559 573 1618 610 hic
1638 580 1770 622 pastor

1383 633 1439 664 est
1460 627 1592 665 ouium
1612 627 1721 665 ³huic
1742 627 1816 666 osti

1381 681 1484 719 arius
1503 682 1624 731 aperit
1662 690 1699 719 et
1718 693 1812 720 oues

1382 747 1518 774 uocem
1539 736 1621 774 eius
1641 736 1803 773 audiunt

1381 796 1418 828 et
1439 802 1527 828 suas
1547 802 1642 828 oues
1661 799 1775 829 uocat

1383 845 1611 882 nominatim
1648 851 1685 883 et
1705 857 1776 895 pro

1382 898 1485 937 ducit
1504 899 1588 937 illas
1626 899 1736 938 ⁴cum
1757 912 1806 937 au

1383 960 1461 991 tem
1483 965 1577 991 oues
1598 965 1686 992 suas
1707 966 1773 992 orn

1383 1008 1442 1046 nis
1462 1008 1687 1057 produxerit
1707 1015 1796 1046 ante

1383 1062 1487 1111 ipsas
1508 1062 1612 1100 uadit
1632 1068 1669 1100 et
1689 1063 1804 1101 ouicu

1382 1117 1441 1154 lae
1461 1128 1552 1154 eum
1572 1123 1752 1155 secuntur

1384 1170 1475 1221 quia
1495 1171 1621 1208 sciunt
1642 1183 1780 1209 uocem

1382 1225 1465 1263 eius
1540 1225 1730 1263 ⁵alienum
1750 1237 1802 1263 au

1383 1285 1462 1316 tem
1482 1290 1564 1317 non
1584 1286 1765 1317 secuntur

1383 1333 1452 1371 sed
1472 1332 1624 1382 fugiunt
1644 1334 1693 1371 ab
1713 1346 1761 1372 eo

1383 1387 1474 1437 quia
1493 1388 1661 1426 resciunt
1680 1395 1807 1427 uoce*

1381 1442 1463 1480 eius

1382 1496 1494 1534 ⁶Hoc
1519 1497 1766 1546 prouerbium
1790 1497 1885 1535 dixit

1382 1551 1416 1588 ei
1436 1551 1495 1589 ihs
1514 1551 1565 1588 illi
1585 1560 1714 1589 autem
1735 1564 1816 1590 non

1382 1614 1653 1656 cognouerunt
1672 1607 1780 1657 quod

1382 1693 1635 1743 Loquebatur
1654 1694 1726 1732 illis
1807 1692 1886 1747 [ihs

1383 1757 1508 1784 XUHII
1519 1748 1532 1769 ⁷
1551 1747 1678 1786 Dixit
1695 1762 1784 1799 ergo
1808 1750 1886 1787 z'llz's

1380 1814 1495 1840 amen
1516 1815 1630 1841 amen
1651 1804 1736 1841 dico

1380 1857 1493 1894 uobis
1514 1857 1604 1907 quia
1624 1869 1699 1907 ego
1720 1870 1805 1895 sum

1380 1911 1495 1949 ianua
1515 1912 1649 1949 ouium
1687 1912 1773 1950 8orn

1380 1977 1448 2002 nes
1470 1966 1683 2016 quodquod
1703 1978 1751 2004 ue

1380 2026 1519 2057 nerunt
1540 2020 1640 2058 fures
1661 2027 1751 2058 sunt

1379 2080 1416 2112 et
1436 2074 1605 2113 latrones
1625 2074 1693 2112 sed
1712 2082 1792 2114 no·

1380 2128 1581 2166 audierunt
1601 2141 1692 2167 eum
1712 2129 1752 2167 fu

1379 2195 1439 2220 res
1459 2195 1554 2221 oues
1574 2195 1681 2221 meas

1378 2237 1487 2286 ⁹Ego
1508 2249 1593 2275 sum
1614 2237 1729 2276 ianua
1749 2250 1818 2287 per

1379 2303 1442 2329 me
1463 2291 1494 2330 si
1515 2292 1600 2342 quis
1621 2292 1808 2330 introierit

1379 2346 1588 2383 saluabitur
1626 2353 1662 2384 et
1682 2347 1797 2385 introi

1378 2400 1431 2437 bit
1450 2407 1487 2438 et
1507 2400 1608 2438 exiet
1628 2407 1664 2438 et
1685 2413 1829 2452 pascua

1378 2454 1547 2493 inueniet
1586 2454 1680 2492 ¹⁰fur
1700 2463 1785 2493 no*

1378 2509 1483 2547 uenit
1503 2509 1575 2546 nisi
1595 2516 1636 2546 ut
1657 2509 1802 2547 furetur

1379 2570 1416 2600 et
1435 2563 1585 2601 occidat
1604 2571 1641 2601 et
1661 2564 1796 2614 perdat

1378 2629 1453 2666 ego
1474 2617 1563 2654 ueni
1582 2624 1623 2655 ut
1644 2619 1764 2655 uitam

1378 2670 1543 2708 habeam
1624 2671 1732 2721 11ego
1751 2677 1827 2710 su·-

1378 2731 1509 2774 pastor
1528 2725 1654 2762 bonus
1701 2737 1771 2775 pas

1379 2785 1439 2815 tor
1459 2779 1586 2816 bonus
1607 2779 1776 2816 animam

1379 2844 1488 2869 suam
1510 2832 1574 2870 dat
1613 2845 1684 2882 pro
1705 2834 1844 2873 ouibus

1379 2886 1457 2924 suis
1477 2885 1788 2926 ¹2mercetnarius

1378 2947 1508 2979 autem
1545 2949 1582 2979 et
1603 2942 1668 2991 qui
1689 2954 1770 2980 non

2373 237 2423 275 33

1922 355 1994 393 Est
2014 361 2145 405 pastor
2164 355 2272 393 cuius
2291 363 2377 395 no-

1923 416 2013 447 sunt
2033 422 2127 448 oues
2148 410 2326 460 propriae

1921 463 2025 502 uidet
2045 464 2180 514 lupum
2201 465 2290 502 ueni

1921 525 2050 556 entem
2071 525 2108 557 et
2127 518 2282 556 dimittit

1921 585 2015 611 oues
2035 580 2072 611 et
2090 572 2187 623 fugit
2207 580 2244 612 et
2265 573 2380 624 lupus

1920 628 2018 677 rapit
2061 635 2097 665 et
2117 628 2303 678 dispargit
2323 640 2349 667 0

1919 693 1988 719 ues
2008 682 2315 722 ¹⁸mereetnarius

1920 742 2049 774 autem
2069 737 2163 786 fugit
2184 737 2275 787 quia

1919 790 2181 830 conducticius
2202 798 2259 829 est

1919 851 1956 883 et
1976 857 2058 883 non
2077 845 2239 895 pertinet
2258 845 2309 883 ad

1920 911 2010 936 eum
2031 899 2078 938 de
2098 899 2238 938 ouibus

1919 952 2042 1003 ²4Eg0
2056 966 2141 992 sum
2154 960 2287 1004 pastor
2295 955 2424 994 bonus

1920 1014 1957 1046 et
1978 1021 2151 1058 agnosco
2172 1021 2279 1047 meas
2300 1016 2337 1047 et

1920 1070 2132 1112 agnoscent
2151 1076 2215 1101 me
2235 1076 2300 1102 me

1919 1129 1964 1154 ae
1985 1116 2114 1156 ¹⁵sicut
2135 1118 2339 1168 cognoscit

1921 1183 1982 1209 me
2003 1179 2114 1222 pater
2132 1179 2170 1210 et
2189 1185 2264 1222 ego
2285 1185 2336 1222 ag

1919 1237 2041 1264 nosco
2062 1235 2212 1276 patrem
2233 1234 2270 1265 et
2291 1240 2314 1266 a

1919 1281 2066 1318 nimam
2086 1293 2214 1319 meam
2235 1294 2287 1331 po

1919 1345 1971 1372 no
1991 1347 2062 1384 pro
2083 1335 2221 1373 ouibus
2241 1335 2338 1374 meis

1918 1387 1990 1426 ¹⁶et
2011 1389 2104 1427 alias
2123 1390 2296 1428 ouiculas
2317 1390 2367 1429 ha

1918 1443 1994 1481 beo
2033 1456 2131 1493 quae
2152 1456 2233 1482 non
2253 1453 2342 1482 sunt

1920 1498 1968 1536 de
1988 1497 2063 1536 1100
2083 1498 2174 1536 ouili
2193 1506 2230 1537 et
2250 1499 2332 1537 illas

1919 1559 2069 1602 oportet
2090 1565 2152 1591 me
2173 1553 2322 1592 adduce

1919 1619 1959 1645 re
2016 1614 2053 1645 et
2074 1619 2214 1646 uocem
2234 1615 2350 1646 mea*

1918 1695 2089 1734 Audient
2108 1702 2145 1734 et
2166 1696 2230 1734 fiet
2250 1708 2351 1735 unus

1917 1762 2011 1798 grex
2032 1757 2069 1788 et
2089 1763 2190 1788 unus
2210 1757 2342 1800 pastor

1918 1804 2157 1854 ”propterea
2176 1817 2240 1843 me
2260 1812 2370 1855 pater

1918 1858 2040 1908 diligit
2096 1859 2186 1909 quia
2205 1871 2280 1909 ego
2301 1872 2324 1898 a

1917 1914 2064 1950 nimam
2083 1925 2212 1951 meam
2233 1926 2339 1963 pono

1916 1974 1958 2004 ut
1978 1968 2116 2005 iterum
2137 1979 2289 2006 sumam
2309 1973 2387 2006 ea-

1916 2021 2067 2060 1‘³nemo
2088 2022 2185 2060 tollit
2205 2035 2292 2061 eam
2313 2035 2335 2060 a
2355 2035 2419 2061 me

1917 2077 1984 2114 sed
2004 2089 2080 2127 ego
2099 2088 2206 2127 pono
2225 2089 2313 2115 eam

1916 2143 1939 2169 a
1959 2144 2021 2169 me
2041 2132 2125 2181 ipso
2166 2138 2388 2181 potestate·-

1916 2185 2043 2224 habeo
2063 2186 2233 2235 ponendi
2252 2198 2340 2224 eam

1917 2247 1954 2277 et
1975 2247 2206 2290 potestatem
2225 2240 2352 2278 habeo

1916 2294 2092 2332 sumendi
2113 2307 2200 2332 eam
2219 2294 2295 2332 hoc

1915 2355 2166 2398 praeceptum
2188 2349 2324 2398 adcepi

1915 2415 1937 2441 a
1958 2410 2067 2452 patre

1915 2457 2130 2495 ¹⁹Dissitsi0
2151 2463 2281 2494 autem
2301 2455 2400 2495 facta

1915 2518 1972 2549 est
1993 2511 2091 2549 inter
2109 2510 2244 2549 iudeos
2264 2522 2362 2561 prop

1915 2572 1971 2602 ter
1992 2577 2190 2603 sermones
2210 2566 2306 2603 istos

1914 2618 1986 2656 ²⁰et
2006 2619 2186 2656 dicebant
2207 2619 2316 2656 multi
2335 2631 2384 2657 ex

1915 2673 2007 2723 ipsis
2029 2673 2254 2711 demonium
2274 2673 2325 2711 ha

1914 2728 1979 2765 bet
1999 2733 2036 2765 et
2056 2727 2197 2765 insanit
2222 2728 2314 2778 quid
2336 2732 2413 2766 eu*

1916 2781 2054 2819 auditis
2074 2781 2170 2819 21alii
2191 2781 2370 2820 dicebant

1917 2836 2012 2874 haec
2034 2837 2152 2874 uerba
2172 2848 2253 2874 non
2275 2843 2364 2875 sunt

1916 2890 2143 2928 demonium
2164 2890 2340 2929 habentis

1916 2944 2105 2995 numquid
2124 2944 2364 2984 daemoniu-
