2820 3334
292 231 342 256 vx.
364 222 501 266 56-V11.
523 215 596 270 36.]
655 216 700 255 E
702 216 976 256 UANGELI
977 217 1070 255 UM

293 307 374 337 Fol.
391 308 471 340 167.

294 349 411 397 Quod
432 349 644 400 tetigissent
663 348 719 387 sal

292 405 332 442 ui
352 404 496 442 fiebant
701 400 793 456 [eu-

827 348 1012 398 Precepta
1031 349 1236 387 hominum

827 404 1086 453 ⁸baptizantes
1106 416 1241 442 urceos

293 468 370 496 XXI
385 458 421 496 7¹
440 458 499 495 Et
510 459 731 496 conueniunt
744 459 798 496 ad
826 465 864 495 et
885 458 1012 496 calicis
1031 465 1068 496 et
1088 459 1161 496 alia
1182 457 1268 495 simi

293 513 457 563 pharisei
476 519 513 550 et
532 513 692 563 quidam

292 567 341 605 de
361 567 491 606 scribis
512 568 562 605 ab
583 566 735 606 iheroso

290 622 392 660 limis

292 675 390 722 ²Qui
398 688 487 713 cum
495 675 682 714 uidissent
693 687 791 726 quos

292 729 383 768 dam
403 743 451 768 ex
472 731 669 780 discipulis
688 731 770 768 eius

291 785 551 823 conmunibus
572 785 678 822 mani

291 840 364 876 bus
378 839 416 876 id
429 846 486 877 est
500 852 579 877 non
595 839 683 876 lotis
695 845 791 877 ma-

290 893 430 931 ducare
449 905 590 943 panem
611 894 692 931 uitu

290 955 523 997 perauerunt
542 959 609 986 eos

290 1002 506 1039 ⁸Pharisaei
527 1008 655 1040 autem
671 1007 708 1039 et
723 1013 789 1040 om

290 1068 360 1094 nes
380 1056 504 1094 iudaei
525 1057 596 1094 nisi
617 1056 722 1105 pugil

289 1110 328 1149 lo
347 1111 481 1148 lauerit
501 1123 637 1148 manus
658 1118 739 1148 no-

289 1165 528 1202 manducant
547 1177 688 1214 panem

291 1226 466 1257 tenentes
487 1219 725 1257 traditione-

289 1273 485 1311 seniorum

288 1327 359 1365 ‘Et
379 1340 402 1365 a
419 1327 502 1365 foro
519 1339 608 1365 cum
625 1326 788 1365 ueneri’*

288 1381 361 1419 nisi
381 1382 622 1431 baptizentur
642 1382 764 1420 ciuu—

288 1449 370 1474 non
390 1436 586 1486 adcipiunt
604 1442 642 1474 et
661 1436 737 1474 alia

287 1491 408 1528 multa
429 1498 516 1528 sunt
532 1503 630 1540 quae
651 1498 706 1528 tra

289 1544 367 1583 dita
387 1551 475 1583 sunt
493 1545 566 1583 illis
586 1557 695 1604 serua

658 1607 670 1629 1

288 1655 329 1680 re
349 1642 587 1692 baptismum
606 1642 750 1681 calcu*

287 1728 339 1768 Et
358 1741 563 1767 urceorum
582 1735 618 1767 et
638 1741 685 1767 ae

287 1792 550 1822 ramentorum
570 1790 608 1822 et
626 1783 684 1823 lec

287 1845 417 1876 torum

288 1893 358 1930 ⁵Et
377 1893 614 1943 interrogant
635 1904 724 1930 eum

286 1946 451 1997 pharisei
471 1955 510 1985 et
529 1947 676 1985 scribae

287 2001 457 2039 dicentes

287 2055 418 2102 Quare
436 2055 608 2105 discipuli
629 2055 683 2092 tui
702 2063 788 2094 no'·

288 2117 502 2160 sequuntur
521 2110 673 2148 traditio

286 2176 379 2202 nem
399 2165 595 2203 seniorum
616 2164 684 2202 sed

287 2231 370 2257 non
390 2219 476 2256 lotis
496 2219 676 2257 manibus

287 2274 524 2311 manducant
543 2281 678 2323 pane-

287 2326 371 2365 ⁶Ad
390 2328 471 2377 ipse
491 2327 730 2378 respondens

288 2381 383 2419 dixit
401 2383 499 2419 bene
519 2382 669 2432 prophe

288 2436 383 2473 tauit
403 2437 522 2474 eseias
542 2436 589 2473 de
609 2448 661 2474 uo

288 2491 348 2527 bis
402 2490 644 2540 hyprocritys

287 2544 420 2582 dicens

343 2598 511 2648 populus
531 2604 651 2635 aute-

342 2653 451 2691 labiis
469 2664 531 2689 me
552 2652 658 2690 hono

343 2714 401 2745 rat
420 2719 487 2745 cor
507 2714 638 2744 autem

343 2761 497 2799 illorum
517 2761 632 2810 longe

342 2815 491 2854 habetis
511 2828 534 2853 a
553 2827 615 2853 me

343 2870 466 2908 ⁷uano
486 2877 615 2908 autem
635 2882 683 2909 co

343 2924 425 2963 lunt
445 2924 630 2963 docentes

344 2991 406 3017 me
426 2978 620 3018 doctrinas

828 513 879 550 lia
898 525 996 561 quae
1017 513 1138 549 multa
1158 512 1232 550 faci

827 567 874 605 tis
895 567 1201 617 derelinquentes

827 628 1054 671 preceptum
1073 621 1113 659 di
1134 628 1248 658 tenen

827 683 883 714 tes
903 675 1146 714 traditionem
1165 675 1217 714 ho

828 730 978 767 minum

826 784 896 821 ⁹Et
916 784 1066 822 dicebat
1085 782 1156 821 illis
1176 783 1274 821 bene

826 839 973 875 irritum
994 838 1115 876 facitis
1135 849 1203 887 pre

825 900 980 942 ceptum
1000 892 1039 930 di
1059 898 1101 929 ut
1120 891 1271 930 traditio

825 959 915 984 nem
935 954 1105 985 uestram
1125 954 1183 984 sta

824 1002 940 1039 tuatis
978 1002 1168 1051 1⁰moyses
1187 1001 1282 1038 eni-

825 1056 920 1094 dixit

879 1110 1028 1148 honora
1047 1117 1197 1160 patrem

879 1171 990 1203 tuum
1009 1171 1046 1202 et
1066 1172 1229 1202 matrem

879 1225 984 1257 tuam
1004 1226 1040 1256 et
1061 1220 1126 1269 qui
1147 1219 1246 1257 male

879 1274 1014 1311 dixerit
1034 1274 1129 1323 patri
1150 1280 1216 1311 aut

878 1328 989 1365 matri
1009 1329 1123 1366 morti
1143 1340 1210 1366 mo

877 1383 994 1420 riatur

823 1435 851 1457 ¹¹
861 1436 943 1475 Uos
964 1443 1092 1474 autem
1105 1436 1227 1474 dicitis
1242 1436 1273 1474 si
1286 1436 1324 1474 di

823 1492 920 1529 xerit
940 1491 1059 1530 homo
1080 1491 1110 1529 si
1131 1491 1218 1529 dixe

823 1546 870 1584 rit
889 1546 1008 1584 homo
1027 1545 1126 1595 patri
1146 1557 1217 1583 suo
1237 1553 1302 1584 aut

823 1600 934 1638 matri
954 1601 1113 1639 corbam
1133 1599 1241 1651 quod

823 1730 894 1769 Est
913 1730 1061 1769 donum
1081 1730 1273 1780 quodeu-

823 1797 898 1834 que
918 1798 965 1822 ex
987 1797 1049 1823 me
1069 1786 1135 1822 tibi
1154 1785 1274 1835 prode

822 1840 890 1877 erit
910 1839 1021 1877 ¹²iam
1041 1852 1120 1878 non
1140 1840 1294 1877 missu-

821 1893 943 1932 facitis
964 1894 1070 1931 illum
1092 1894 1288 1944 quicqua-

822 1947 946 1987 facere
966 1949 1063 1998 patri
1083 1955 1147 1986 aut
1166 1961 1231 1986 ma

820 2003 867 2041 tri
886 2003 913 2023 ¹³
921 2003 1075 2040 inritum
1095 2002 1221 2040 facien

820 2063 877 2095 tes
896 2058 1059 2094 uerbum
1079 2057 1119 2095 di
1158 2069 1225 2107 per

821 2112 1066 2150 traditionem
1086 2118 1245 2149 uestra-

822 2167 977 2204 stultam
997 2178 1117 2217 quam
1137 2166 1233 2204 tradi

822 2220 929 2259 distis

821 2274 872 2313 Et
892 2274 1027 2313 similia
1046 2273 1269 2313 huiusmodi

821 2330 943 2367 multa
962 2329 1108 2367 faciatis

822 2383 907 2421 14Et
927 2384 1125 2422 aduocans
1144 2383 1282 2421 iterum

823 2439 978 2476 turbam
998 2438 1148 2475 dicebat
1167 2437 1239 2475 illis

822 2491 964 2530 Audite
985 2504 1047 2528 me
1067 2504 1206 2530 omnes
1224 2492 1264 2529 in

822 2546 985 2595 tellegite
1005 2546 1132 2583 15nihil
1151 2553 1208 2584 est
1227 2558 1275 2583 ex

822 2606 882 2638 tra
901 2600 1100 2638 hominem
1120 2601 1276 2638 introies

822 2654 863 2691 in
882 2666 972 2691 eum
992 2654 1099 2704 quod
1118 2666 1208 2691 eum
1228 2666 1301 2704 pos

822 2715 879 2746 set
898 2708 1188 2745 conmunicaret

823 2762 891 2799 sed
911 2773 1010 2811 quae
1030 2761 1076 2799 de
1096 2761 1253 2800 homine

821 2815 1038 2866 procedunt
1057 2815 1119 2853 illa
1139 2822 1229 2854 sunt

823 2882 922 2920 quac
941 2870 1218 2908 conmunicant

822 2924 1022 2962 hominem
1041 2924 1106 2961 1651
1127 2925 1212 2975 quis
1231 2923 1282 2962 ha

822 2979 887 3018 bet
905 2991 1015 3018 aures
1035 2978 1214 3017 audiendi

1784 217 2062 257 MARCUM

1398 307 1481 337 F'ol.
1497 307 1580 336 168.

1398 349 1542 387 Audiat

1397 404 1482 441 1⁷Et
1501 415 1592 441 cum
1611 402 1806 441 introisset
1826 403 1867 440 in

1397 458 1559 496 domum
1580 469 1602 494 a
1622 458 1733 495 turba
1752 458 1792 495 in

1397 512 1646 561 terrogabant
1667 523 1757 549 eum

1397 566 1573 616 discipuli
1592 566 1674 604 eius
1694 577 1789 616 para

1397 621 1530 659 bolam

1396 675 1481 713 1⁸Et
1496 675 1548 713 ait
1562 674 1633 712 illis
1647 674 1701 713 sic
1716 680 1752 712 et
1770 685 1843 712 uos
1858 674 1898 711 in

1396 729 1604 779 prudentes
1623 730 1711 767 estis
1731 741 1812 767 non

1397 784 1614 833 intellegitis
1671 783 1778 833 quod

1395 850 1513 876 omne
1532 838 1770 876 extrinsecus

1396 893 1582 930 introiens
1602 893 1641 929 in
1662 892 1852 930 homine*

1398 959 1479 984 non
1499 953 1624 996 potest
1643 958 1734 984 eum
1754 958 1829 985 con

1396 1002 1594 1039 municare

1395 1055 1522 1094 1⁹N0n
1543 1056 1656 1093 intrat
1675 1056 1714 1092 in
1735 1067 1804 1093 cor
1817 1055 1899 1093 eius

1396 1110 1466 1148 sed
1486 1110 1525 1147 in
1544 1116 1719 1147 uentrem
1739 1116 1776 1148 et
1796 1110 1835 1147 in

1395 1176 1591 1202 secessum
1610 1164 1687 1202 exit
1709 1176 1781 1214 pur

1394 1231 1493 1267 gans
1513 1230 1650 1256 omnes
1670 1230 1779 1257 escas

1393 1272 1591 1311 2⁰Dicebat
1612 1279 1743 1311 autem
1763 1272 1884 1322 quoni

1394 1340 1459 1365 am
1479 1339 1579 1378 quae
1599 1327 1646 1365 de
1666 1327 1824 1365 homine

1393 1389 1537 1420 exeunt
1557 1382 1652 1419 haec
1674 1394 1820 1420 conmu

1395 1437 1527 1475 nicant
1546 1436 1746 1474 hominem

1394 1491 1420 1512 ²¹
1429 1491 1580 1529 deintus
1599 1498 1730 1528 autem
1750 1491 1798 1528 de
1818 1502 1886 1530 cor

1395 1545 1441 1583 de
1462 1545 1666 1583 hominum
1687 1546 1775 1595 cogi

1393 1600 1557 1638 tationes
1576 1600 1700 1638 malae
1719 1612 1791 1650 pro

1394 1729 1548 1768 Cedunt
1590 1729 1719 1768 adulte

1392 1785 1447 1823 ria
1486 1784 1585 1823 furta
1623 1785 1722 1823 sorni

1392 1839 1565 1878 cationes
1602 1839 1745 1877 homici

1392 1893 1457 1931 dia
1496 1893 1689 1931 ²²auaritia
1726 1904 1792 1931 ma

1392 1948 1469 1985 litia
1508 1948 1619 1986 dolus
1658 1947 1791 1997 inpudi

1392 2003 1480 2041 citia
1516 2002 1652 2040 oculus
1672 2001 1798 2039 malus

1392 2056 1632 2106 blasphemia
1670 2068 1785 2106 super

1392 2111 1455 2149 bia
1493 2111 1648 2149 stultitia
1685 2111 1713 2132 ²³
1721 2110 1854 2149 omnia

1392 2165 1487 2203 haec
1508 2166 1611 2203 mala
1631 2165 1784 2203 deintus

1392 2220 1608 2270 procedunt
1644 2226 1681 2257 et
1699 2219 1795 2258 haec

1392 2274 1644 2313 conmunicat
1663 2274 1770 2312 homi

1392 2341 1482 2366 nem

1392 2393 1487 2420 XXII
1496 2383 1523 2404 ²⁴
1538 2382 1598 2421 Et
1606 2395 1798 2432 exurgens
1810 2383 1895 2420 inde

1392 2438 1450 2476 ihs
1470 2438 1561 2476 abiit
1581 2438 1621 2474 in
1642 2437 1728 2475 finis
1748 2437 1821 2487 tyri

1391 2499 1428 2530 et
1448 2492 1645 2542 ingressus
1665 2492 1704 2529 in
1725 2491 1778 2530 do

1391 2559 1499 2583 mum
1519 2546 1716 2584 neminem
1735 2557 1787 2583 uo

1389 2601 1458 2638 luit
1477 2601 1572 2638 scire
1592 2607 1629 2637 et
1649 2612 1730 2638 non
1749 2611 1802 2649 po

1390 2655 1461 2691 tuit
1480 2654 1596 2691 latere

1390 2708 1418 2729 ²⁵
1426 2708 1568 2745 Mulier
1586 2707 1692 2744 enim
1711 2707 1839 2745 statim

1391 2767 1433 2799 ut
1452 2762 1598 2799 audiuit
1618 2761 1665 2798 de
1684 2773 1732 2798 eo
1753 2773 1802 2798 cu

1391 2817 1449 2853 ius
1471 2816 1546 2853 filia
1566 2818 1653 2864 spm
1673 2815 1809 2852 inmun

1391 2870 1486 2907 dum
1506 2870 1671 2907 habebat
1690 2869 1833 2907 introiit

1390 2931 1428 2962 et
1448 2924 1613 2974 procidit
1633 2923 1682 2962 ad
1701 2923 1819 2973 pedes

1391 2979 1472 3017 eius
1491 2979 1604 3017 zeerat
1623 2978 1727 3016 enim
1745 2990 1860 3028 greca

2385 222 2435 267 85

1936 348 2213 398 Syrophenissa
2233 361 2256 386 a
2274 361 2322 398 ge

1933 415 2025 440 nere
2045 410 2082 441 et
2103 403 2266 452 rogabat
2284 410 2366 440 eu·-

1933 463 1975 494 ut
1995 458 2133 495 eiceret
2154 458 2335 495 daemoni

1933 523 2000 548 um
2022 524 2044 549 a
2065 512 2141 549 filia
2160 512 2241 550 eius
2375 509 2437 563 [sa

1933 565 1960 587 ²⁷
1969 565 2048 612 Qui
2063 566 2156 603 dixit
2176 567 2209 603 ei
2230 566 2311 604 sine
2330 567 2436 616 prius

1932 620 2050 658 turari
2070 621 2169 658 filios
2189 633 2269 659 non
2287 627 2344 658 est

1932 675 2037 712 enim
2057 675 2205 712 bonum
2226 676 2359 725 accipe

1933 741 1973 766 re
1993 741 2135 779 panem
2157 730 2321 767 filiorum

1932 790 1969 821 et
1989 783 2137 821 mittere
2158 784 2319 821 canibus

1932 837 2017 875 ²⁸ad
2037 838 2098 875 ille
2118 838 2317 887 respondit
2341 837 2435 875 dixit

1931 892 1966 929 ei
1986 892 2061 929 dne
2082 892 2149 930 sed
2168 899 2206 930 et
2226 892 2350 930 catelli

1933 947 2004 984 sub
2024 958 2159 984 mensa
2180 947 2326 984 mandu

1933 1008 1994 1039 cat
2014 1001 2062 1039 de
2083 1002 2190 1039 micis
2209 1013 2331 1051 puero

1933 1067 2020 1092 rum

1932 1109 2016 1147 ²⁹Et
2029 1110 2079 1147 ait
2092 1110 2143 1147 illi
2158 1109 2258 1148 uade
2276 1116 2435 1160 propter

1931 1163 2035 1202 hunc
2056 1176 2278 1202 sermonem

1931 1218 2022 1255 exiit
2042 1218 2269 1256 demonium
2289 1231 2311 1256 a
2330 1218 2355 1255 fi

1932 1273 1981 1310 lia
2001 1279 2067 1310 tua

1931 1327 2017 1364 3(Ἔῖ
2037 1338 2129 1364 cum
2149 1326 2289 1365 abisset
2308 1326 2349 1363 in
2368 1326 2420 1364 do

1931 1393 2041 1418 mum
2062 1381 2209 1419 inuenit
2229 1381 2319 1431 puel

1931 1436 2010 1473 lam
2029 1436 2221 1474 iacentem
2241 1448 2359 1485 supra

1930 1491 2072 1528 lectum
2091 1497 2129 1528 et
2149 1491 2367 1528 demoniu-

1930 1545 2053 1583 exisse
2375 1541 2435 1596 [de

1931 1608 2044 1635 XXIII
2052 1598 2079 1619 ³¹
2096 1598 2151 1637 Et
2159 1600 2290 1636 iterum
2306 1600 2435 1636 exiens

1930 1729 2090 1767 Finibus
2111 1729 2184 1778 tyri
2204 1729 2309 1766 uenit
2329 1740 2377 1766 ue

1929 1784 1984 1821 nit
2004 1796 2072 1833 per
2092 1784 2267 1821 sidonem
2287 1783 2338 1820 ad

1929 1850 2035 1875 mare
2055 1838 2238 1887 galilaeae
2259 1837 2356 1875 inter

1929 1892 2101 1930 medium
2120 1893 2216 1930 fines
2236 1892 2333 1931 deca

1927 1947 2029 1995 polis

1927 2000 2012 2038 ³2Et
2027 2000 2204 2039 adferunt
2219 2000 2252 2037 ei
2269 1999 2430 2038 surdum

1927 2061 1964 2094 et
1984 2061 2136 2092 mutum
2156 2062 2193 2092 et
2213 2055 2356 2104 deprae

1928 2110 2115 2148 cabantur
2134 2122 2225 2147 eum
2244 2116 2285 2147 ut
2304 2110 2339 2146 ei

1927 2164 1968 2201 in
1988 2176 2149 2202 manum
2170 2165 2386 2214 imponeret

1926 2218 1955 2239 ³³
1961 2218 2012 2256 Et
2025 2218 2219 2268 adcipiens
2231 2230 2322 2255 eum
2334 2230 2357 2256 a
2369 2224 2430 2256 tur

1927 2273 1978 2311 ba
1996 2282 2144 2311 secreto
2164 2284 2338 2322 expuens

1927 2327 2028 2364 misit
2048 2327 2189 2376 digitos
2208 2338 2301 2365 suos
2320 2327 2360 2364 in

1927 2381 2098 2420 auricula
2117 2388 2155 2419 et
2174 2380 2296 2429 tetigit

1926 2435 2102 2485 linguam
2122 2436 2203 2473 eius
2223 2435 2294 2472 34et
2313 2446 2374 2472 res

1926 2490 2073 2540 piciens
2092 2490 2131 2527 in
2153 2489 2303 2527 caelum
2322 2489 2362 2526 in

1926 2544 2074 2594 gemuit
2093 2550 2129 2581 et
2149 2544 2201 2581 ait
2220 2543 2272 2580 illi
2292 2542 2417 2592 epphe

1926 2605 1965 2635 ta
1985 2597 2090 2648 quod
2110 2604 2166 2635 est
2185 2597 2382 2647 adaperire

1926 2651 2011 2689 ³⁵Et
2031 2658 2182 2701 apertae
2202 2658 2291 2689 sunt
2314 2663 2428 2690 aures

1926 2706 2007 2743 eius
2027 2712 2064 2743 et
2083 2706 2254 2744 solutum
2273 2712 2331 2744 est

1926 2760 2125 2798 uinculum
2144 2760 2298 2809 linguae

1925 2815 2006 2852 eius
2026 2820 2063 2851 et
2083 2814 2314 2864 loquebatur

1925 2868 2161 2907 confidenter

1925 2923 2009 2961 ³⁶Et
2028 2924 2198 2974 precepit
2213 2923 2285 2961 illis
2300 2934 2348 2961 ne
2364 2923 2425 2962 cui

1925 2977 2094 3017 dicerent
2114 2978 2163 3017 ad
2182 2978 2233 3016 illi
2253 2990 2318 3016 ma
