2820 3334
477 203 530 240 86

476 290 558 321 1¹01.
575 289 656 320 169.

476 331 549 371 Gis
568 332 770 383 magisque
788 332 945 383 predica

475 386 571 425 bant
697 386 771 425 ⁸⁷et
790 399 838 425 eo
858 399 923 424 am

476 440 577 492 plius
597 440 886 479 admirabantur

476 495 648 533 dicentes
668 496 767 533 bene
786 495 919 533 omnia

476 549 566 588 fecit
710 554 748 586 et
768 549 892 588 surdis

475 608 621 654 prestat
640 602 812 641 auditum
832 610 871 642 et

476 657 594 695 mutis
613 657 721 707 loqui
835 655 977 711 [diebus

478 721 608 749 xxzrn
625 720 643 749 8
661 710 731 749 ¹In
755 711 833 749 z‘llz's
856 717 977 751 autem

475 767 614 805 iterum
634 777 727 805 curn
746 765 868 804 multa

477 821 589 859 turba
608 826 710 859 esset
729 832 802 859 nec
823 820 923 859 habe

475 881 534 913 ret
553 874 660 926 quod
678 874 873 914 manduca

477 935 534 967 ret
580 929 807 967 conuocatis
827 929 885 967 dis

476 982 615 1033 cipulis
634 983 686 1021 ait
706 983 776 1021 illis
795 982 954 1022 ²misere

477 1049 522 1075 or
541 1049 656 1086 super
675 1037 787 1075 istam
809 1043 870 1075 tur

476 1092 569 1129 bam
588 1091 774 1141 quoniam
795 1092 924 1130 triduo

477 1151 534 1184 est
554 1145 631 1182 iam
649 1145 757 1195 quod
776 1145 838 1183 hic
858 1152 947 1184 sunt

476 1206 516 1238 et
535 1210 616 1237 non
634 1198 779 1238 habent
796 1200 905 1251 quod

477 1253 715 1292 manducent
734 1254 793 1292 ⁸et
814 1254 924 1292 dimit

477 1315 644 1346 tere-eos
663 1308 811 1347 ieiunos
830 1309 869 1346 in
889 1308 941 1347 do

477 1373 587 1400 mum
608 1362 701 1401 nolo
784 1375 834 1401 ne
854 1363 892 1401 fa

477 1417 647 1466 tigentur
667 1416 706 1454 in
725 1417 832 1455 uiam
852 1429 932 1468 quo

478 1470 586 1508 niam
605 1470 761 1521 quidem
781 1483 830 1509 ex
850 1472 905 1510 eis

477 1524 527 1563 de
546 1524 760 1576 longinquo
779 1538 878 1564 uene

477 1584 568 1617 runt

477 1666 550 1704 ‘Et
569 1667 851 1717 responderunt
870 1667 928 1706 dis

478 1721 596 1771 cipuli
616 1721 673 1759 sui
692 1721 797 1761 unde
817 1722 908 1761 istos

477 1775 600 1826 possit
619 1775 705 1826 quis
725 1783 894 1815 saturare

478 1830 644 1879 panibus
663 1830 703 1867 in
723 1830 875 1869 deserto

477 1883 547 1922 εἘἰ
567 1884 817 1934 interrogauit
836 1897 904 1924 eos

478 1938 586 1988 quod
604 1950 726 1988 panes
746 1938 894 1978 habetis

478 1992 884 2087 fflffisssfffffissssssffisszi

477 2100 707 2139 discunbere
727 2113 843 2152 super

477 2161 619 2192 terram

476 2207 530 2247 Et
547 2208 747 2259 adcipiens
764 2216 915 2260 septem

478 2274 602 2313 panes
638 2263 810 2313 gratians

477 2328 600 2366 agens
619 2315 733 2366 fregit
753 2323 791 2355 et
810 2316 858 2356 de

477 2371 533 2409 dit
553 2370 748 2421 discipulis
766 2371 845 2410 suis
863 2377 906 2410 ut

478 2425 722 2476 adponerent
741 2432 779 2464 et
797 2425 848 2464 ad

477 2479 883 2572 tffxtssssffirfssssssssm

478 2599 627 2637 paucus
645 2588 853 2638 pisciculus

478 2648 517 2679 et
534 2642 638 2691 ipsos
658 2642 856 2682 benedixit

478 2702 517 2733 et
535 2695 641 2733 iussit
659 2697 752 2746 poni

476 2748 549 2786 *Et
569 2750 886 2789 manducaueru-

479 2808 519 2840 et
537 2803 691 2841 saturati
712 2811 799 2842 sunt

479 2855 532 2895 Et
551 2856 783 2895 sustulerunt
802 2859 909 2909 quod

478 2910 675 2961 superauit
693 2910 871 2961 fragme-

712 200 1131 241 EUANGELIUM
1153 202 1265 242 SEC

1012 330 1166 371 Torum
1186 337 1335 382 septem
1355 343 1448 383 spor

1012 392 1072 424 tas

1010 440 1153 478 ⁹Erant
1172 447 1302 479 autem
1322 441 1389 491 qui
1408 446 1502 479 ma*

1012 494 1248 533 ducauerant
1268 495 1317 533 ad
1337 502 1430 546 quat

1010 555 1100 587 tuor
1118 549 1224 587 milia
1242 549 1432 588 hominu-

1011 609 1048 641 et
1068 603 1213 641 dimisit
1231 603 1318 642 illos

1012 666 1097 694 xxv
1110 657 1138 679 ¹⁰
1145 657 1215 695 [hs
1233 662 1351 695 aulem
1370 670 1478 696 ascen

1012 711 1109 751 dens
1128 723 1271 750 nauem
1290 724 1381 750 cum

1012 765 1210 816 discipulis
1231 766 1307 804 suis
1327 778 1376 804 ue

1011 821 1068 858 nit
1087 820 1126 857 in
1145 826 1254 870 parte
1274 832 1390 871 mage

1012 874 1103 912 dam

1011 928 1097 965 ¹¹Et
1116 928 1291 966 exierunt
1309 927 1476 978 pharisei

1012 988 1050 1020 et
1069 988 1254 1032 ceperunt
1273 983 1419 1033 conqui

1011 1049 1094 1074 rere
1114 1048 1203 1074 cum
1222 1049 1271 1075 eo
1291 1043 1436 1087 quere*

1011 1096 1069 1129 tes
1089 1091 1139 1129 ab
1159 1102 1208 1129 eo
1227 1090 1384 1140 signum
1404 1091 1452 1130 de

1010 1144 1122 1183 caelo
1141 1150 1376 1195 temptantes

1011 1199 1120 1236 illum

1011 1252 1097 1291 1²Et
1115 1253 1386 1303 ingemescens
1408 1257 1480 1303 spu

1012 1319 1084 1346 suo
1103 1307 1198 1357 quid
1218 1307 1415 1357 generatio

1010 1361 1083 1400 ista
1102 1362 1226 1412 querit
1245 1362 1401 1412 signum

1011 1416 1139 1453 Amen
1159 1415 1247 1454 dico
1266 1417 1378 1455 uobis
1398 1416 1429 1454 si
1449 1416 1499 1455 da

1011 1470 1112 1508 bitur
1130 1470 1370 1520 generationi

1011 1524 1102 1563 huic
1123 1525 1280 1573 signum

1010 1578 1097 1617 ¹³Et
1115 1579 1337 1629 relinquens
1354 1590 1422 1617 eos
1440 1591 1484 1617 as

1011 1665 1236 1705 Cenderunt
1256 1677 1386 1704 rursus

1011 1727 1049 1758 et
1071 1720 1163 1759 abiit
1185 1731 1319 1758 susum

1010 1773 1211 1812 ¹⁴Et0bliti
1224 1786 1374 1813 sumere
1387 1786 1510 1825 panes

1011 1829 1083 1867 nisi
1103 1839 1225 1866 unum
1246 1841 1388 1878 panem

1011 1895 1130 1932 quem
1149 1894 1282 1921 secum
1301 1881 1402 1921 habe

1011 1937 1106 1975 bant
1123 1937 1164 1974 in
1183 1949 1325 1974 nauem

1011 1990 1040 2013 ¹⁵
1047 1991 1097 2029 Et
1109 1992 1279 2041 precepit
1291 1991 1364 2029 illis
1376 1990 1512 2030 dicens

1011 2045 1139 2084 uidete
1159 2057 1182 2083 a
1201 2044 1392 2084 fermento

1012 2111 1036 2138 a
1054 2099 1243 2138 fermento
1264 2099 1444 2149 phariseo

1012 2166 1098 2192 rum
1117 2161 1155 2192 et
1175 2166 1198 2192 a
1213 2153 1404 2193 fermento

1012 2207 1168 2246 herodis

1011 2261 1096 2300 1¹³Et
1114 2262 1335 2312 cogitabant
1354 2261 1404 2300 ad
1423 2261 1459 2301 al

1011 2322 1196 2354 terutrum
1216 2316 1322 2367 quod
1341 2328 1393 2366 pa

1012 2381 1081 2408 nes
1100 2370 1288 2409 haberent

1011 2423 1039 2445 ¹⁷
1047 2423 1139 2471 Quo
1158 2424 1314 2475 cognito
1332 2423 1391 2462 ihs
1411 2423 1463 2462 ait
1486 2423 1512 2462 il

1011 2477 1059 2517 lis
1079 2478 1172 2528 quid
1191 2478 1366 2528 cogitatis
1386 2478 1425 2516 in

1011 2533 1189 2571 cordibus
1208 2532 1343 2570 uestris
1362 2532 1455 2583 quia

1010 2598 1134 2637 panes
1153 2599 1234 2626 non
1253 2586 1400 2625 habetis

1011 2640 1201 2680 Nondum
1221 2640 1389 2691 intellegi

1010 2695 1060 2734 tis
1187 2707 1260 2734 nec
1279 2707 1349 2745 per

1011 2749 1155 2800 spicitis
1174 2749 1229 2788 sic
1250 2750 1389 2788 obtusa

1011 2803 1130 2842 corda
1149 2811 1276 2842 uestra

1011 2858 1181 2897 ¹⁸ocu1us
1220 2857 1397 2897 habentis

1012 2924 1093 2951 non
1187 2912 1325 2951 uidetis

1377 3032 1453 3058 XXU

1959 202 2231 243 MARCUM
2284 201 2366 256 [vn.
2388 209 2537 250 36-vu1.
2561 221 2617 253 35.

1581 289 1665 322 1¹01.
1681 291 1760 322 170.

1582 331 1633 370 Et
1652 343 1765 370 aures
1784 331 1973 371 habentes

1582 398 1664 424 non
1676 386 1815 424 auditis
1853 387 1978 424 necin
1991 392 2083 424 me-

1580 446 1618 479 te
1639 440 1787 478 habetis
1806 440 1890 478 1‘’de
1909 440 2082 490 quinque

1581 494 1748 544 panibus
1768 506 1867 544 quos
1886 493 1982 544 fregi
2002 495 2042 532 in

1581 549 1753 599 quinque
1773 549 1876 586 milia
1895 548 2003 586 homi

1581 615 1675 640 num
1714 602 1822 653 quod
1841 602 2036 652 cophinos

1580 656 1886 706 fragmentorum
1906 663 1947 694 tu

1579 710 1673 749 listis
1710 712 1777 761 qui
1797 711 1974 749 dixerunt

1581 778 1649 803 x11-
1688 763 1884 815 ²⁰quando
1904 771 2032 803 autem

1581 825 1732 868 septem
1770 820 1811 857 in
1831 825 2014 870 quattuor

1581 873 1686 911 milia
1706 873 1910 911 hominum
1930 872 2037 923 quod

1582 934 1734 976 sportas
1755 927 1972 978 fragmento

1582 993 1668 1019 rum
1688 982 1823 1020 tulistis

1581 1035 1644 1073 Ad
1659 1035 1710 1073 illi
1730 1036 1910 1074 dixerunt
1930 1041 2081 1086 septem

1580 1088 1607 1110 ²¹
1615 1096 1653 1128 et
1673 1090 1725 1127 ait
1744 1090 1816 1128 illis
1836 1090 2036 1141 quomodo

1581 1144 1759 1182 nondum
1778 1143 1950 1183 inintelle

1581 1198 1691 1236 xistis

1581 1251 1666 1290 22Εἰ
1685 1259 1875 1290 uenerunt
1898 1253 2081 1291 bethania

1582 1312 1620 1344 et
1638 1305 1817 1344 adferunt
1834 1307 1886 1344 illi
1906 1319 1976 1345 cae

1581 1373 1670 1398 cum
1690 1367 1727 1398 et
1747 1367 1981 1410 rogauerunt

1581 1414 1688 1452 illum
1707 1421 1749 1453 ut
1768 1427 1858 1452 eum
1878 1421 1995 1465 tange

1581 1475 1638 1507 ret
1837 1469 1910 1507 ²⁸et
1930 1469 1980 1507 ad

1581 1522 1825 1573 prehendens
1843 1535 2005 1561 manum

1581 1577 1687 1616 caeci
1706 1578 1838 1615 eduxit
1859 1577 1966 1615 illum

1580 1663 1701 1701 Extra
1720 1663 1918 1702 castellum

1580 1724 1618 1756 et
1637 1730 1812 1768 expuens
1832 1719 1872 1756 in
1892 1719 2025 1758 oculos

1580 1772 1660 1810 eius
1680 1772 1858 1822 inpositis
1877 1773 1929 1811 illi
1948 1786 2015 1812 ma

1579 1826 1692 1864 nibus
1710 1826 1973 1877 interrogabat

1579 1880 1688 1918 illum
1708 1881 1739 1918 si
1759 1881 1903 1932 aliquid
1923 1881 2013 1920 uide

1580 1941 1636 1973 ret
1800 1935 1872 1974 ²‘et
1891 1937 1973 1986 aspi

1581 1989 1689 2028 ciens
1709 1989 1805 2028 dixit
1823 1989 1939 2029 uideo
1958 1990 2011 2029 ho

1581 2043 1706 2082 mines
1725 2044 1824 2083 sicut
1842 2045 2001 2083 arbores

1583 2098 1826 2136 ambulantes

1581 2151 1665 2190 25Εἰ
1679 2153 1816 2191 iterum
1831 2152 2000 2203 inposuit
2014 2165 2080 2191 ma

1582 2218 1677 2245 num
1697 2214 1735 2245 et
1753 2219 1867 2257 super
1887 2207 2020 2246 oculus

1582 2261 1664 2299 eius
1683 2267 1720 2299 et
1739 2261 1871 2311 coepit
1888 2261 2019 2300 uidere

1581 2320 1619 2353 et
1638 2315 1791 2354 restitus
1810 2322 1868 2354 est
1887 2316 1940 2354 ita
1957 2321 2000 2354 ut

1580 2368 1726 2408 uideret
1744 2370 1845 2408 clare
1864 2381 1931 2408 om

1581 2423 1645 2460 nia

1579 2476 1663 2515 ²⁶Et
1679 2476 1823 2515 dimisit
1841 2477 1947 2515 illum
1968 2477 2009 2516 in
2028 2477 2080 2517 do

1579 2543 1687 2568 mum
1707 2543 1818 2569 suam
1837 2531 1970 2570 dicens

1579 2585 1679 2623 uade
1699 2585 1738 2623 in
1757 2585 1917 2623 domum
1938 2591 2031 2623 tua-

1579 2646 1617 2677 et
1637 2639 1668 2678 si
1688 2639 1728 2677 in
1748 2640 1836 2678 uicu
1855 2640 2045 2679 introieris

1582 2693 1725 2732 nemini
1744 2693 1883 2732 dixeris
1902 2694 1942 2732 in

1580 2748 1669 2786 uico
2003 2746 2079 2802 [ihs

2117 332 2389 384 Interrogabat
2408 333 2505 373 disci

2115 387 2229 437 pulos
2244 399 2335 426 suos
2350 388 2483 427 dicens
2496 401 2614 440 quem

2116 453 2180 480 me
2200 441 2334 480 dicunt
2354 442 2533 482 homines

2116 506 2201 534 esse

2116 548 2144 570 ²⁸
2152 548 2230 596 Qui
2250 550 2531 600 responderunt
2551 551 2577 589 il

2115 601 2142 640 li
2160 603 2332 643 dicentes
2364 604 2561 643 iohanne-

2118 657 2324 707 baptistam
2379 665 2418 697 et
2437 659 2501 697 alii

2117 710 2258 749 heliam
2305 712 2366 750 alii
2384 719 2512 751 autem

2116 766 2226 815 quasi
2249 777 2370 804 unum
2389 779 2438 805 ex
2455 779 2528 818 pro

2116 819 2241 868 phetis

2115 872 2240 924 ²⁹Ipse
2260 880 2389 913 autem
2408 874 2602 925 interroga

2116 927 2170 965 uit
2190 940 2258 966 eos
2277 940 2348 967 uos
2367 940 2462 967 uero
2483 941 2599 979 quem

2116 993 2179 1020 me
2197 994 2283 1020 esse
2302 983 2425 1021 dicitis

2118 1035 2379 1087 Respondens
2399 1043 2527 1075 autem
2547 1049 2596 1087 pe

2115 1096 2196 1128 trus
2217 1091 2269 1128 ait
2289 1091 2341 1128 illi
2361 1098 2399 1129 tu
2418 1097 2456 1129 efl
2474 1094 2548 1141 xps

2115 1144 2201 1182 ³⁰Et
2220 1145 2462 1184 conminatus
2481 1152 2540 1184 est
2559 1145 2612 1184 eis

2115 1205 2157 1236 ut
2176 1200 2321 1237 nemini
2342 1199 2511 1238 dicerent

2115 1252 2163 1290 de
2182 1265 2230 1291 eo

2114 1306 2200 1345 ⁸¹Et
2220 1305 2347 1356 coepit
2366 1307 2505 1346 docere
2525 1307 2614 1346 illos

2115 1362 2302 1411 quoniam
2321 1367 2478 1411 oportet

2114 1415 2235 1453 filium
2255 1415 2423 1454 hominis
2442 1415 2524 1453 mul

2114 1476 2154 1507 ta
2172 1469 2253 1519 pati
2317 1475 2356 1507 et
2374 1471 2540 1519 reproba

2115 1524 2146 1561 ri
2169 1536 2193 1561 a
2211 1523 2427 1561 senioribus
2445 1530 2483 1561 et
2502 1524 2589 1573 pri-

2116 1577 2266 1628 cipibus
2286 1577 2519 1616 sacerdotu-

2114 1663 2166 1703 Et
2187 1665 2320 1703 scribis
2339 1671 2378 1703 et
2398 1664 2524 1703 occidi

2115 1725 2153 1757 et
2172 1725 2261 1769 post
2280 1725 2358 1758 tres
2379 1719 2460 1757 dies
2478 1731 2585 1758 resur

2113 1785 2205 1822 gere
2224 1771 2297 1811 ³²et
2317 1773 2446 1823 palam
2464 1785 2533 1812 uer

2112 1827 2207 1865 bum
2226 1827 2453 1878 loquebatur

2115 1881 2244 1928 Quem
2265 1882 2477 1932 suscipiens
2496 1894 2546 1932 pe

2113 1942 2196 1974 trus
2215 1936 2344 1987 coepit
2362 1936 2526 1986 obiurga

2113 2002 2155 2028 re
2174 2001 2264 2028 eum

2114 2044 2207 2082 ³³Ad
2215 2044 2275 2083 ille
2283 2055 2496 2082 conuersus
2504 2043 2613 2083 uides

2114 2098 2326 2149 discipulos
2346 2110 2436 2137 suos
2455 2111 2531 2138 con

2114 2153 2282 2191 minatus
2301 2159 2359 2191 est
2378 2159 2487 2203 petro
2506 2158 2545 2190 et

2114 2207 2210 2246 dixit
2228 2207 2327 2245 uade
2347 2214 2435 2257 post
2453 2219 2516 2244 me
2537 2218 2580 2245 sa

2114 2267 2225 2300 tanas
2243 2261 2429 2311 quoniam
2448 2266 2529 2299 no-

2114 2315 2218 2365 sapis
2236 2327 2336 2365 quae
2355 2314 2396 2352 di
2416 2321 2504 2353 sunt
2524 2315 2593 2354 sed

2113 2381 2213 2419 quae
2233 2376 2323 2407 sunt
2341 2368 2544 2407 hominum

2114 2422 2199 2461 ”Et
2219 2429 2435 2462 conuocata
2453 2423 2568 2462 turba

2113 2489 2203 2515 curn
2222 2477 2433 2527 discipulos
2451 2477 2505 2515 ait

2113 2531 2144 2570 si
2167 2531 2252 2582 quis
2271 2538 2359 2582 post
2378 2543 2440 2569 me
2460 2531 2524 2570 uui
2544 2543 2587 2570 se

2112 2586 2178 2636 qui
2197 2586 2363 2636 abneget
2381 2597 2423 2624 se
2442 2586 2514 2624 sibi
2532 2592 2572 2625 et

2111 2640 2219 2678 tollat
2238 2652 2396 2678 crucem
2419 2651 2530 2678 suam

2076 2720 2078 2723 v
2112 2701 2150 2732 et
2170 2700 2352 2745 sequatur
2371 2705 2435 2731 me

2111 2748 2140 2770 ³⁵
2148 2748 2227 2796 Qui
2242 2747 2346 2786 enim
2359 2746 2526 2785 uoluerit
2545 2745 2611 2784 ani

1581 2812 1680 2839 xxm
1705 2801 1798 2840 ²''AE't
1811 2802 2002 2853 preficlus
2028 2808 2082 2841 est
2113 2814 2219 2840 mam
2239 2813 2348 2839 suam
2369 2800 2517 2838 saluam

1580 2864 1617 2895 et
1636 2857 1812 2906 discipuli
1831 2857 1914 2895 eius
1933 2857 1973 2894 in
1992 2869 2059 2895 cae

1581 2923 1688 2950 sarea
1706 2910 1866 2962 philippi
1884 2917 1922 2950 et
1941 2911 1980 2949 in
1996 2911 2060 2949 uia

2111 2855 2236 2894 facere
2256 2853 2390 2904 perdet
2409 2865 2497 2892 eam

2111 2910 2179 2961 qui
2198 2915 2327 2948 autem
2347 2907 2555 2959 perdiderit
