2820 3334
471 226 522 264 92
784 214 1197 255 EUANGELIUM

470 301 552 331 1⁸01.
568 302 644 331 181.

471 343 551 382 Cos
571 350 660 382 tuos
1006 353 1094 381 nn
1111 344 1165 382 13¹
1184 343 1244 382 Et
1258 357 1339 382 cum
1357 357 1460 393 egre-

525 398 736 436 scabellum
756 397 892 448 pedu*
1343 395 1507 451 [deretur

523 457 681 490 tuorum
1004 451 1056 489 ait
1074 450 1125 490 illi
1143 463 1245 491 unus
1264 464 1312 490 ex
1333 452 1428 491 disci

469 505 497 527 ³⁷
506 505 546 543 Si
558 506 639 556 ipse
654 505 769 544 dauid
777 505 866 544 dicit
878 518 969 544 eum

468 559 563 598 dom
581 567 620 598 et
638 560 741 598 unde
760 567 818 598 est
837 560 890 598 fili

468 625 515 652 us
534 614 615 652 eius
635 620 671 652 et
690 614 811 652 multa
830 621 891 652 tur

467 668 518 706 ba
538 668 696 706 libenter
715 680 806 706 eum
826 680 877 706 au

467 722 596 760 diebat
650 721 766 773 ⁸⁸ipse
785 729 915 761 autem

466 776 632 815 docebat
650 789 720 815 eos
740 777 874 816 dicens

465 830 539 869 illis

465 884 606 923 Uidete
625 885 676 923 ab
695 885 830 924 scribis
850 885 916 936 qui

465 939 604 978 uolunt
621 939 660 977 in
681 940 788 978 stolis
808 940 928 977 ambu

464 993 543 1031 lare
598 1000 637 1031 et
656 994 812 1032 salutari
830 994 871 1031 in

465 1047 551 1086 foro
605 1047 676 1085 ³⁹et
695 1048 735 1085 in
754 1048 887 1097 primis

465 1100 655 1140 cathedris
674 1101 804 1140 sedere
824 1102 864 1139 in

465 1156 675 1206 synagogis
730 1163 768 1194 et
787 1156 936 1206 primos

464 1209 675 1248 discubitos
696 1210 735 1247 in
755 1210 872 1249 conui

463 1264 523 1302 uis
542 1263 642 1314 ⁴⁰qui
662 1263 850 1302 deuorant
869 1263 921 1302 do

462 1329 550 1356 mus
569 1318 775 1357 uiduarum
794 1325 831 1357 et

463 1371 729 1423 orphanorum
748 1379 878 1412 occa-

463 1426 573 1465 sione
592 1426 711 1476 longa
729 1433 885 1465 orantes

462 1480 502 1518 hi
521 1479 714 1531 adcipient
734 1482 859 1519 maius

462 1534 648 1573 iudicium

462 1596 533 1626 XLI
541 1588 568 1611 ⁴¹
582 1588 642 1628 Et
650 1602 733 1628 cum
745 1590 894 1628 sedisset
904 1589 965 1629 ihs

461 1729 610 1770 Contra
629 1731 836 1782 gazophila

460 1785 566 1823 cium
639 1785 824 1824 uidebant

459 1839 661 1889 quomodo
680 1841 816 1879 turbae
850 1851 853 1855 ’

459 1894 661 1932 mittebant
698 1894 841 1944 pecuni

459 1959 525 1985 am
545 1948 584 1986 in
603 1948 835 1999 gaiophilaci

459 2013 528 2039 um
547 2009 586 2040 et
605 2003 716 2041 multi
736 2003 864 2041 diuitis

459 2057 663 2095 mittebant
682 2057 803 2095 multa

459 2109 488 2132 ⁴²
496 2109 598 2148 Cum
618 2112 789 2150 uenisset
808 2117 930 2149 aute-

458 2175 538 2202 una
558 2164 678 2203 uidua
697 2166 801 2203 misit

458 2230 561 2257 aera·
582 2219 731 2257 minuta
749 2219 830 2257 duo

459 2272 567 2323 quod
586 2279 644 2311 est
663 2273 851 2323 quadram

458 2326 543 2365 ⁴⁸Et
562 2339 759 2366 conuocas
779 2327 932 2378 discipu

457 2380 517 2419 los
536 2393 628 2420 suos
647 2382 698 2420 ait
716 2381 788 2420 illis

457 2435 588 2474 Amen
607 2435 695 2475 dico
713 2436 827 2475 uobis
847 2436 887 2474 ui

457 2489 536 2529 dua
555 2490 649 2529 haec
669 2501 867 2541 paupercu

457 2543 494 2582 la
531 2544 616 2594 plus
635 2545 818 2583 omnibus
836 2544 891 2582 mi

457 2598 506 2635 sit
525 2599 564 2636 in
584 2599 883 2650 gazophilaciu-

457 2663 600 2692 munus
701 2653 863 2692 “omnis

456 2707 561 2744 enirn
580 2719 628 2745 ex
652 2719 700 2745 eo
719 2707 826 2758 quod
849 2707 955 2746 abu-

457 2759 602 2798 dabant
621 2760 691 2799 illis
711 2762 886 2800 miseru-

456 2812 553 2851 haec
572 2825 666 2853 uero
686 2815 733 2853 de
753 2827 884 2865 penua

456 2878 555 2905 nam
574 2879 685 2905 suam
703 2880 835 2907 omma

457 2932 703 2971 quecumque
722 2921 854 2960 habuit

456 2975 843 3015 misittotumuictum
851 2985 952 3015 suu-

1004 505 1103 556 pulis
1122 507 1204 545 eius
1223 506 1405 556 magister

1003 560 1133 610 aspice
1153 561 1286 611 quales
1305 560 1445 611 lapidis

1001 620 1040 652 et
1060 614 1193 665 quales
1213 621 1424 654 structurae

1001 669 1133 719 templi

1001 719 1071 760 ²Et
1089 722 1330 773 respondens
1348 722 1407 761 ihs
1427 722 1478 761 ait

999 776 1072 815 illis
1109 789 1239 816 nonne
1259 777 1396 815 uidetis

1000 830 1098 869 haec
1117 831 1248 870 omnia
1267 843 1412 881 magna

1000 885 1173 923 aedificia
1247 897 1363 922 amen

1000 938 1087 976 dico
1107 938 1220 976 uobis
1239 939 1347 989 quod
1365 950 1447 978 non

999 993 1231 1043 relinquetur
1252 993 1348 1043 lapis

1000 1058 1116 1096 super
1134 1046 1302 1097 lapidem
1321 1047 1387 1097 qui

999 1113 1080 1139 non
1099 1100 1316 1139 destruatur
1333 1107 1371 1139 et

998 1155 1038 1192 in
1058 1155 1185 1194 triduo
1205 1155 1298 1193 illud
1317 1167 1425 1193 resus

998 1209 1132 1248 citetur
1152 1210 1232 1247 sine
1252 1209 1433 1248 manibus

998 1263 1069 1301 ‘’Et
1083 1275 1175 1302 cum
1190 1263 1338 1302 sederet
1348 1264 1389 1301 in
1401 1272 1496 1303 mo*

997 1323 1076 1355 tem
1096 1318 1226 1356 oliueti
1245 1325 1382 1357 contra

996 1372 1186 1422 templum
1205 1372 1348 1411 interro

996 1432 1188 1476 gauerunt
1206 1438 1297 1464 eum
1316 1438 1357 1464 se

998 1487 1103 1519 creto
1141 1487 1271 1530 petrus
1292 1486 1330 1518 et
1348 1480 1385 1518 ia

998 1535 1122 1573 cobus
1141 1541 1177 1572 et
1197 1535 1384 1573 iohannes

996 1595 1035 1626 et
1054 1588 1216 1628 andreas
1253 1589 1334 1627 ⁴dic
1353 1589 1466 1628 nobis

997 1643 1156 1694 quando
1175 1643 1270 1681 haec
1291 1643 1383 1681 fient

996 1736 1035 1769 et
1053 1730 1161 1780 quod
1178 1730 1332 1781 signum
1352 1731 1421 1769 erit

997 1796 1089 1823 cum
1108 1785 1202 1823 haec
1222 1785 1354 1824 omnia
1372 1793 1454 1824 co*

996 1840 1294 1877 summabuntur

997 1893 1275 1943 ¹⁵Respondens
1290 1899 1420 1932 autem
1439 1894 1497 1933 ihs

997 1948 1122 1998 coepit
1137 1948 1207 1986 illis
1226 1948 1352 1987 dicere
1371 1948 1412 1985 ui

997 2002 1083 2040 dete
1103 2014 1151 2040 ne
1171 2002 1257 2052 quis
1275 2014 1348 2041 uos
1369 2003 1466 2041 sedu

996 2063 1058 2095 cat
1093 2055 1153 2094 “in
1173 2056 1330 2095 nomine
1350 2068 1441 2096 meo

995 2110 1166 2148 dicentes
1183 2123 1259 2161 ego
1280 2122 1367 2149 sum
1385 2118 1423 2150 et

996 2165 1138 2203 multus
1158 2165 1344 2203 seducent

994 2218 1119 2257 ⁷Cum
1138 2226 1267 2257 autem
1287 2218 1433 2258 audieri

994 2273 1040 2311 tis
1060 2273 1205 2323 proelia
1223 2280 1260 2312 et
1279 2273 1411 2324 opinio

995 2339 1066 2365 nes
1085 2327 1319 2378 proeliorum
1338 2339 1391 2366 no

994 2381 1058 2419 lite
1077 2382 1211 2420 timere
1248 2388 1401 2431 oportet

994 2435 1099 2473 enim
1118 2435 1213 2474 haec
1232 2435 1311 2473 fieri
1331 2435 1399 2474 sed

995 2489 1172 2527 nondum
1191 2489 1277 2527 finis

993 2543 1185 2594 ‘’Exurget
1203 2544 1308 2581 enim
1327 2555 1424 2594 gens

993 2609 1109 2648 super
1127 2605 1285 2648 gentem
1321 2604 1359 2636 et
1378 2609 1447 2648 reg

992 2664 1088 2690 num
1108 2664 1224 2703 super
1242 2663 1406 2702 regnum

992 2714 1030 2745 et
1049 2713 1161 2744 erunt
1179 2714 1276 2745 terre
1296 2712 1426 2745 motus

993 2773 1061 2811 per
1081 2761 1166 2799 loca
1183 2768 1221 2799 et
1240 2760 1352 2799 famis
1388 2767 1427 2799 et

990 2815 1141 2854 initium
1160 2815 1338 2854 dolorum
1357 2815 1453 2853 haec

991 2869 1164 2908 ⁹Deinde
1184 2881 1256 2908 uos
1278 2870 1384 2919 ipsos
1404 2876 1461 2908 tra

991 2923 1082 2962 dent
1100 2924 1140 2961 in
1159 2923 1329 2962 conciliis
1348 2930 1386 2962 et

989 2977 1028 3015 in
1048 2977 1256 3028 synagogis
1275 2977 1418 3028 uapula

1808 214 1920 255 SEC
1946 214 2222 256 MARCUM
2269 214 2357 270 [xn.
2377 223 2534 264 36-x111.
2557 226 2612 259 28.

1576 300 1660 331 1⁸01.
1675 301 1757 331 182.

1575 342 1670 382 Bitis
1689 350 1727 382 et
1745 348 1834 382 ante
1852 344 1953 395 presi

1575 397 1643 435 des
1660 404 1699 436 et
1717 409 1826 447 reges
1846 398 1993 437 stabitis

1575 458 1733 501 propter
1752 463 1815 490 me
1833 452 1874 490 in
1892 452 2045 491 testimo

1573 505 1682 543 nium
1700 505 1772 543 illis

1575 559 1657 598 ¹⁰Et
1676 559 1716 597 in
1735 571 1873 599 omnes
1891 566 2026 610 gentes

1571 613 1739 663 primum
1758 620 1888 652 autem
1907 626 2007 664 opor

1571 673 1623 706 tet
1642 667 1853 718 praedicari
1871 680 1973 706 euan

1570 722 1713 772 gelium
1732 723 1772 760 in
1792 722 1974 761 omnibus

1570 776 1751 826 gentibus

1569 830 1596 852 ²¹
1605 830 1709 869 Cum
1728 837 1857 868 autem
1876 829 2049 880 perduxe

1569 884 1644 922 rint
1663 896 1736 922 uos
1755 884 1869 923 nolite
1888 883 1992 937 cogi⁴

1570 945 1649 976 tare
1669 938 1763 988 quid
1782 938 1955 989 loquami

1569 992 1608 1030 ni
1628 993 1695 1030 sed
1716 993 1823 1043 quod
1842 993 1979 1030 datum

1569 1046 1681 1085 uobis
1701 1046 1812 1085 fuerit
1831 1047 1872 1084 in
1890 1046 1953 1084 illa
1971 1045 2025 1086 ho

1569 1113 1612 1139 ra
1631 1101 1725 1152 quid
1743 1101 1944 1153 loquimini

1569 1167 1651 1194 non
1669 1155 1774 1193 enim
1792 1167 1865 1194 uos
1883 1155 1974 1194 estis

1569 1209 1636 1260 qui
1655 1209 1857 1260 loquimini
1876 1210 1944 1248 sed
1964 1212 2030 1260 sps

1569 1270 1727 1302 sanctus

1567 1317 1749 1356 ¹²Tradet
1769 1323 1900 1355 autem
1919 1316 2033 1356 frater

1567 1371 1719 1410 fratrem
1739 1372 1779 1409 in
1798 1378 1958 1410 morte-

1566 1432 1604 1464 et
1624 1433 1731 1476 pater
1750 1425 1871 1463 filium
1890 1432 1928 1464 et
1947 1426 1987 1464 in

1567 1487 1724 1530 surgent
1744 1479 1796 1517 fili
1814 1479 1855 1517 in
1874 1488 1999 1530 pare-

1568 1541 1624 1572 tes
1643 1541 1682 1572 et
1701 1534 1815 1572 morti
1833 1533 1918 1572 illos
1937 1534 1988 1572 ad

1569 1589 1697 1628 ficient
1751 1587 1824 1627 1“et
1842 1588 1945 1627 eritis
1963 1587 2054 1628 odio

1569 1727 1764 1767 Omnibus
1783 1727 1930 1767 homini

1567 1783 1640 1821 bus
1658 1789 1817 1834 propter
1836 1787 1985 1822 nome-

1568 1849 1700 1875 meum

1568 1891 1648 1939 Qui
1666 1897 1796 1930 autem
1814 1890 1983 1930 toleraue

1567 1946 1614 1984 rit
1633 1957 1756 1997 usque
1775 1945 1815 1984 in
1834 1945 1953 1984 finem

1567 1999 1629 2038 hic
1649 2000 1779 2038 saluus
1797 2000 1868 2038 erit

1565 2053 1593 2075 ¹⁴
1601 2053 1701 2093 Cum
1721 2060 1850 2092 autem
1870 2052 1989 2091 uideri

1566 2108 1612 2147 tis
1632 2108 1962 2147 abominationem

1566 2162 1812 2201 desolationis
1832 2168 1939 2201 stans

1565 2217 1632 2254 ubi
1651 2229 1731 2255 non
1751 2223 1902 2267 oportet
1920 2223 1957 2254 et
1977 2216 2043 2267 qui

1566 2271 1657 2320 legit
1675 2271 1871 2321 intellegat

1567 2324 1685 2363 Tunc
1699 2325 1768 2376 qui
1785 2325 1899 2364 iudea
1918 2331 2008 2363 sunt
2025 2323 2067 2362 su

1565 2380 1673 2429 giant
1692 2380 1733 2417 in
1752 2379 1950 2418 montibus

1565 2433 1637 2472 ²³et
1656 2433 1722 2484 qui
1744 2433 1784 2471 in
1807 2433 2066 2483 superioribus

1565 2499 1647 2526 non
1667 2487 1876 2526 descendat
1892 2487 1932 2525 in
1952 2487 2004 2526 do

1565 2553 1676 2579 mum
1695 2553 1820 2592 neque
1839 2541 2006 2580 introeat

1565 2595 1698 2634 tollere
1717 2596 1929 2646 quicquam

1565 2649 1612 2688 de
1632 2650 1752 2688 domo
1772 2662 1843 2688 sua
1880 2649 1950 2688 ¹⁶et
1969 2650 2037 2702 qui

1564 2704 1603 2742 in
1622 2716 1716 2755 agro
1737 2716 1818 2742 non
1837 2716 1948 2742 reuer

1565 2765 1665 2797 tatur
1684 2765 1785 2797 retro
1806 2758 1937 2797 tollere

1564 2813 1837 2851 uestimentum
1856 2824 1971 2851 suum

1562 2867 1590 2889 ¹⁷
1600 2867 1682 2906 Uae
1695 2873 1823 2905 autem
1835 2866 2064 2918 pelegrina-

1563 2922 1663 2960 tibus
1683 2928 1721 2959 et
1740 2921 1920 2960 nutrienti

1561 2975 1634 3014 bus
1652 2975 1691 3013 in
1709 2975 1780 3014 illis
1798 2974 1935 3013 diebus

2107 345 2135 368 ¹⁸
2143 344 2263 385 Orate
2279 358 2375 397 ergo
2394 353 2436 387 ut
2454 355 2543 387 no*-

2108 400 2202 438 fiant
2221 401 2344 439 hieme

2106 453 2252 493 ¹⁹Erint
2270 455 2374 493 enim
2389 454 2470 494 dies
2487 455 2541 495 illi
2563 456 2611 495 tri

2106 507 2312 548 bulationis
2331 510 2466 559 quales

2107 573 2188 600 non
2207 562 2360 602 fuerunt
2379 565 2429 602 ab
2449 564 2461 602 i

2106 615 2201 654 nitio

2106 668 2143 706 A
2163 676 2336 709 creatura
2353 683 2478 723 usque
2497 683 2565 710 mo

2105 722 2160 761 do
2179 735 2305 775 neque
2324 733 2436 764 erunt
2453 733 2543 776 post

2105 776 2201 816 haec

2104 831 2133 853 ²⁰
2140 831 2191 869 Et
2202 831 2273 870 nisi
2285 832 2494 873 breuiasset
2504 832 2553 872 ds
2566 833 2606 872 di

2104 897 2146 923 es
2166 893 2320 936 propter
2337 887 2479 926 electos

2104 951 2199 978 suos
2217 951 2300 978 non
2318 947 2418 979 esset
2437 940 2545 980 salua

2104 994 2231 1033 omnis
2250 1006 2342 1033 caro
2363 994 2431 1033 sed
2450 1007 2550 1047 prop

2104 1054 2162 1086 ter
2180 1048 2323 1087 electos
2341 1060 2442 1099 quos
2460 1049 2519 1087 ele

2104 1103 2160 1151 git
2180 1102 2365 1141 brebiauit
2383 1103 2464 1142 dies

2104 1155 2189 1197 ”Et
2207 1163 2301 1195 tunc
2320 1157 2351 1195 si
2370 1157 2456 1208 quis
2475 1157 2588 1196 uobis

2104 1209 2241 1249 dixerit
2259 1223 2351 1250 ecce
2370 1211 2432 1250 hic
2453 1214 2528 1262 xps

2104 1264 2166 1302 uel
2185 1265 2259 1303 illic
2278 1265 2395 1303 nolite
2416 1277 2480 1304 cre

2105 1318 2192 1357 dere
2247 1318 2275 1340 ²²
2283 1326 2472 1370 exurgent
2490 1320 2587 1358 eni*

2104 1372 2323 1423 pseudoxpi
2341 1379 2379 1411 et
2397 1385 2495 1424 pseu

2102 1426 2390 1477 doprophaetae
2426 1434 2465 1466 et

2102 1480 2250 1519 dabunt
2269 1481 2382 1531 signa
2400 1488 2439 1520 et
2457 1493 2530 1532 pro

2103 1534 2207 1585 digia
2225 1535 2275 1574 ad
2295 1535 2464 1574 seducen

2101 1588 2197 1628 dum
2216 1589 2248 1628 si
2266 1596 2394 1640 potest
2411 1589 2493 1628 fieri

2100 1727 2231 1768 Etiam
2249 1729 2392 1769 electos
2427 1728 2503 1768 ²²³ui

2102 1783 2188 1822 dete
2208 1795 2297 1822 ecce
2316 1783 2489 1834 praedixi

2103 1837 2215 1876 uobis
2236 1838 2368 1876 omnia

2102 1891 2214 1930 ²⁴Sed
2228 1891 2268 1929 in
2279 1892 2350 1931 illis
2362 1891 2498 1931 diebus
2511 1898 2601 1943 post

2101 1945 2384 1984 tribulationem
2403 1946 2500 1985 illa-

2101 2000 2160 2039 sol
2179 2000 2447 2039 obscurabitur
2466 2006 2504 2039 et

2100 2054 2193 2092 luna
2213 2066 2293 2093 non
2312 2054 2417 2092 dabit
2436 2054 2574 2093 lume-

2101 2120 2215 2147 suum
2262 2108 2333 2147 ²⁵et
2352 2108 2481 2147 stellae
2500 2120 2600 2159 quae

2100 2170 2189 2201 sunt
2207 2163 2247 2200 in
2265 2162 2374 2202 caelo
2392 2169 2506 2201 erunt

2101 2217 2284 2255 cadentes
2302 2223 2340 2255 et
2358 2217 2519 2255 uirtutes

2099 2271 2296 2310 caelorum
2315 2271 2520 2309 monebu·-

2099 2332 2161 2364 tur
2304 2324 2375 2362 ²⁶et
2392 2330 2486 2363 tunc
2505 2324 2545 2362 ui

2099 2379 2245 2418 debunt
2263 2378 2384 2416 filium
2403 2378 2511 2416 homi

2099 2433 2158 2471 nis
2176 2433 2394 2471 uenientem
2412 2444 2504 2471 cum

2098 2487 2267 2526 nubibus
2287 2498 2378 2526 cum
2397 2487 2498 2525 uirtu

2098 2547 2160 2580 tae
2179 2541 2302 2580 multa
2319 2548 2357 2580 et
2375 2540 2498 2591 gloria

2098 2595 2171 2634 ²⁷et
2189 2603 2283 2635 tunc
2301 2595 2424 2634 mittet
2442 2606 2543 2645 ange

2097 2649 2158 2689 lus
2177 2656 2215 2688 et
2234 2649 2486 2700 congregabit

2098 2704 2242 2743 electos
2261 2716 2284 2743 a
2303 2710 2485 2755 quattuor

2097 2758 2221 2796 uentis
2240 2759 2290 2796 ab
2309 2757 2440 2795 ultimo
2459 2762 2518 2794 ter

2097 2825 2161 2851 rae
2180 2823 2326 2862 usquae
2345 2809 2395 2848 ad
2413 2820 2501 2848 sum

2096 2877 2205 2904 mum
2224 2864 2397 2904 celorum

2095 2919 2167 2958 ”A
2186 2919 2261 2957 ficu
2281 2923 2409 2956 autem
2429 2916 2561 2956 discite
2591 2959 2595 2962 ,

2094 2972 2319 3024 parabolam
2337 2983 2427 3011 cum
2447 2971 2516 3009 ia·-
