2820 3334
310 247 387 273 xvr.
410 246 571 272 21—xvn.
594 231 665 287 28.]
721 231 1136 271 EUANGELIUM
1159 231 1269 271 SEC

311 322 395 352 1¹01.
412 323 486 351 131.

311 363 363 402 Et
382 365 551 414 lingebat
569 363 655 403 ulce

310 431 353 457 ra
375 419 457 456 eius

310 472 508 511 ”Factum
528 478 586 511 est
604 478 735 510 autem
755 478 798 512 ut

310 534 523 565 moreretur
543 528 691 566 lazarus

310 582 515 620 mendicus
534 589 570 619 et
590 588 702 631 porta

310 643 414 674 retur
433 637 483 675 ab
501 636 649 685 angelis
669 636 708 674 in

310 690 439 729 sinum
460 691 628 728 abrahae
647 703 733 729 mor

309 752 399 783 tuus
418 751 476 783 est
496 751 626 783 autem
647 752 684 783 et
704 745 742 783 di

308 812 378 837 ues
398 806 436 837 et
455 799 625 849 sepultus
645 806 702 837 est

308 854 349 892 in
369 853 519 892 inferno
585 853 775 892 ⁹³eleuans

310 908 446 946 oculus
467 921 558 946 suos
582 920 672 947 cum
692 920 733 946 es

310 969 368 1001 set
388 963 427 1000 in
447 963 646 1001 tormentis

309 1016 427 1055 Uidet
447 1017 629 1055 abraham
650 1029 673 1055 a
691 1017 756 1055 lon

307 1083 357 1121 ge
378 1077 414 1109 et
434 1071 604 1109 lazarum
624 1072 663 1108 in
685 1072 801 1109 sinu-

311 1126 393 1163 eius
413 1124 480 1163 2‘¹et
500 1126 583 1175 ipse
605 1125 780 1164 clamans

309 1180 406 1218 dixit
461 1186 569 1229 pater
589 1181 681 1217 abra

308 1233 400 1271 ham
420 1235 601 1272 miserere
620 1233 714 1272 mihi

308 1295 346 1326 et
365 1288 471 1325 mitte
491 1288 661 1326 lazarum

307 1349 351 1381 ut
369 1342 532 1392 intingat
551 1349 724 1381 extremo

307 1397 427 1447 digito
446 1409 518 1435 suo
537 1398 576 1435 in
597 1410 741 1448 aquam

306 1458 344 1489 et
364 1452 563 1501 refrigeret
583 1452 755 1502 linguam

306 1518 435 1543 meam
455 1506 545 1555 quia
564 1508 716 1545 crucior

307 1560 347 1597 in
367 1560 439 1598 hac
459 1561 617 1599 flamma
666 1560 739 1600 ²⁵et

309 1614 404 1653 dixit
424 1615 476 1652 illi
495 1615 681 1653 abraham
701 1616 726 1654 fi

307 1743 354 1782 Li
376 1744 578 1783 recordare
599 1746 694 1795 cipis

306 1799 334 1838 ti
355 1801 457 1838 bona
476 1800 516 1837 in
535 1801 613 1838 uita
633 1808 698 1839 tua

306 1860 343 1891 et
364 1854 512 1892 lazarus
532 1854 643 1892 simili

305 1914 364 1946 ter
382 1909 486 1946 mala
523 1921 626 1947 nunc
646 1921 695 1947 au

305 1969 384 2000 tem
404 1962 466 2001 hic
486 1964 710 2002 consolatur

304 2022 345 2055 tu
367 2029 459 2056 uero
481 2018 660 2057 cruciaris

376 2080 411 2102 111

303 2114 378 2153 26et
397 2114 457 2153 his
476 2116 659 2155 omnibus
678 2117 718 2154 in

304 2176 362 2207 ter
381 2177 417 2207 et
437 2182 509 2208 nos
529 2178 565 2208 et
586 2182 657 2209 uos
677 2171 805 2210 chau·-

304 2235 492 2272 magnum
511 2224 694 2263 firmatu-

303 2284 360 2316 est
380 2286 420 2316 ut
439 2278 477 2316 hi
498 2280 563 2329 qui
583 2280 729 2318 ueniu-

304 2330 394 2370 hinc
414 2334 576 2372 transire
596 2341 679 2372 no-

305 2398 465 2436 possum
485 2388 534 2425 ad
554 2401 627 2426 uos
648 2401 696 2427 ne

305 2452 381 2490 que
401 2441 492 2479 inde
511 2441 586 2481 huc
606 2449 711 2482 trans

304 2505 435 2533 meare

304 2545 391 2586 ²⁷Et
411 2549 461 2586 ait
482 2561 578 2598 rogo
598 2562 694 2599 ergo
713 2557 752 2591 te

304 2609 416 2652 pater
435 2609 475 2640 ut
494 2604 624 2642 mittas
645 2605 685 2642 in

305 2657 467 2695 domum
486 2658 604 2707 patris
623 2659 701 2696 mei

304 2710 468 2750 ²⁸habeo
487 2713 591 2750 enim
611 2713 705 2762 quin

305 2778 380 2816 que
401 2766 534 2804 fratres
554 2773 594 2804 ut
615 2774 672 2805 tes

304 2826 405 2858 tetur
424 2820 497 2858 illis
517 2827 558 2858 ut
582 2834 632 2859 ne
653 2827 691 2859 et

304 2873 378 2924 ipsi
398 2875 556 2913 ueniant
576 2876 615 2913 in
636 2876 739 2915 hunc

303 2927 435 2967 locum
455 2936 650 2968 tormento

303 2994 388 3020 rum
517 2983 589 3022 ²⁹et
609 2985 661 3022 ait
680 2985 704 3024 il

304 3036 329 3074 li
349 3036 533 3076 abraham
551 3038 695 3077 habent

848 363 1016 414 Moysen
1036 370 1074 402 et
1095 362 1205 414 profe

847 425 905 456 tas
925 418 1082 456 audiant
1103 418 1188 457 illos

845 473 945 511 ³0Ad
958 473 1019 511 ille
1037 473 1131 511 dixit
1144 485 1223 511 non
1236 477 1346 523 pater

846 527 1058 565 habraham
1114 527 1182 565 sed

845 582 877 620 si
898 583 983 632 quis
1003 594 1050 619 ex
1070 581 1232 620 mortuis

847 636 1009 674 surrexit
1028 635 1219 687 persuade

844 692 899 728 bit
917 691 972 729 eis
1101 690 1187 728 8lait
1207 695 1324 728 aute-

843 746 908 783 illi·
925 746 967 783 si·
989 756 1150 794 moysen
1171 751 1208 782 et
1228 757 1300 794 pro

843 799 978 850 phetas
998 811 1079 837 non
1098 799 1256 837 audiunt

845 866 973 904 neque
994 854 1023 891 si
1044 854 1130 904 quis
1150 866 1197 892 ex
1217 866 1306 892 mor

845 909 919 947 tuis
940 908 989 946 ad
1009 908 1075 946 illo
1095 909 1179 947 ierit
1198 921 1261 947 cre

845 963 937 1001 dent

846 1027 880 1055 17
894 1017 964 1055 ¹Et
977 1017 1240 1067 addiscipulos
1254 1029 1344 1056 suos

845 1072 896 1110 ait
916 1072 1140 1121 inpossibile
1160 1079 1218 1110 est

844 1133 885 1164 ut
907 1139 988 1164 non
1009 1127 1169 1164 ueniant
1191 1132 1285 1164 sca-

843 1181 930 1218 dala
968 1192 1102 1218 uerum
1123 1187 1254 1219 tame*

842 1247 913 1273 uae
933 1235 984 1272 illi
1004 1247 1073 1284 per
1093 1248 1210 1285 quem
1230 1248 1278 1275 ue

840 1290 952 1327 niunt
971 1289 1118 1327 2utilius
1139 1296 1197 1327 est

841 1350 970 1382 autem
990 1344 1041 1381 illi
1061 1357 1109 1382 ne
1130 1356 1246 1382 nasce

841 1405 943 1437 retur
981 1405 1046 1436 aut
1066 1399 1163 1449 lapis
1183 1411 1251 1437 mo

841 1453 900 1491 lae
921 1453 1127 1502 inponatur
1146 1454 1201 1491 cir

841 1520 887 1546 ca
907 1508 1050 1546 collum
1070 1508 1151 1546 eius
1185 1513 1222 1546 et

841 1562 1053 1612 proiciatur
1074 1563 1113 1599 in
1133 1574 1240 1599 mare

843 1629 962 1667 quam
981 1622 1023 1654 ut
1042 1617 1275 1655 scandalizet

842 1760 962 1785 unum
984 1748 1032 1786 de
1052 1747 1196 1797 pusillis
1216 1747 1248 1786 is

842 1803 889 1840 tis
909 1802 1123 1840 ⁸antendite
1144 1803 1257 1840 uobis

840 1866 937 1893 zrrrr
947 1856 1211 1906 Sz'peccauerzl
1215 1858 1345 1903 frater

841 1917 930 1949 tuus
950 1911 1106 1961 increpa
1126 1912 1233 1949 illum

841 1972 878 2003 et
898 1966 928 2003 si
949 1966 1203 2015 penitentiam
1222 1966 1273 2004 ha

841 2020 964 2057 buerit
984 2020 1130 2058 dimitte
1151 2021 1203 2057 illi
1224 2021 1282 2059 ⁴et

841 2076 872 2113 si
892 2074 1033 2124 septies
1052 2075 1092 2112 in
1114 2075 1174 2113 die
1194 2087 1316 2125 pecca

839 2130 935 2167 uerit
959 2130 999 2166 in
1018 2135 1056 2167 te
1077 2135 1113 2167 et
1135 2131 1275 2179 septies

839 2195 1051 2222 conuersus
1071 2183 1182 2222 fuerit
1200 2185 1251 2222 ad

839 2244 875 2275 te
896 2238 1029 2276 dicens
1048 2239 1219 2288 paenitet
1240 2251 1304 2278 me

839 2292 987 2330 dimitte
1006 2292 1058 2330 illi

839 2346 910 2384 ⁶Et
931 2347 1110 2386 dixerunt
1131 2347 1182 2386 illi
1202 2359 1299 2398 apos

839 2401 907 2439 toli
928 2402 1004 2439 dne
1024 2414 1123 2452 auge
1143 2403 1258 2441 nobis

839 2455 958 2493 fidem

839 2510 908 2547 ⁰Et
924 2510 1019 2548 dixit
1039 2510 1111 2549 illis
1131 2511 1162 2549 si
1182 2511 1341 2550 habueri

839 2563 887 2601 tis
907 2565 1023 2601 fidem
1043 2572 1244 2615 tamquam

840 2630 1005 2667 granum
1026 2620 1180 2668 senapis
1200 2620 1239 2657 di

840 2672 966 2709 ceritis
986 2672 1074 2710 huic
1096 2673 1224 2710 arbori

841 2726 1036 2763 eridacare
1055 2732 1092 2764 et
1111 2734 1216 2764 trans

839 2779 976 2817 fretare
996 2781 1035 2817 in
1055 2793 1161 2818 mare
1193 2786 1231 2818 et

840 2833 973 2883 utique
994 2834 1218 2873 obaudisset

839 2889 952 2926 uobis

838 2941 960 2989 ⁷Quis
980 2949 1109 2980 autem
1130 2950 1301 2981 uestrum

838 2995 987 3037 habens
1007 3009 1163 3036 seruum
1183 3004 1279 3037 ara-

1785 231 2091 271 LUCANUM

1416 320 1499 350 Fol.
1516 320 1595 350 132.

1417 362 1521 400 Tem
1559 368 1624 401 aut
1643 375 1737 401 oues
1755 374 1829 413 pas

1416 424 1571 455 centem
1610 418 1675 468 qui
1695 430 1823 467 regres

1416 484 1459 510 so
1481 472 1527 510 de
1548 484 1642 521 agro
1663 472 1764 510 dicet
1784 472 1835 510 illi

1415 527 1532 564 transi
1551 527 1731 565 recumbe
1764 527 1850 564 8sed

1414 580 1513 619 dicet
1533 581 1584 618 illi
1604 593 1698 631 para
1717 581 1823 632 quod

1414 647 1552 673 cenem
1627 642 1664 673 et
1684 636 1820 685 preci*

1413 702 1462 739 ge
1482 696 1519 728 te
1540 696 1577 727 et
1597 690 1769 728 ministra
1787 688 1882 727 mihi

1414 744 1539 782 donec
1559 744 1794 783 manducem

1414 805 1451 836 et
1472 799 1604 836 bibam
1625 806 1662 837 et
1682 806 1770 848 post
1791 799 1887 837 haec

1413 859 1454 891 tu
1476 854 1732 892 manducabis
1752 860 1789 892 et
1808 854 1847 892 bi

1414 908 1472 946 bis
1493 908 1703 959 ⁹numquid
1723 908 1874 958 gratia-

1461 972 1484 1002 g

1413 1005 1529 1055 habet
1551 1018 1664 1044 seruo
1702 1006 1810 1056 quod

1414 1061 1501 1099 fecit
1520 1074 1620 1111 quae
1641 1061 1711 1098 sibi
1732 1061 1821 1110 inpe

1413 1122 1563 1153 rauerat
1583 1128 1664 1154 non
1684 1128 1737 1164 pu

1412 1176 1452 1208 to
1473 1170 1544 1207 1⁰et
1564 1182 1634 1208 uos
1654 1182 1744 1207 cum
1765 1169 1880 1207 feceri

1413 1225 1458 1262 tis
1479 1236 1555 1274 que
1575 1232 1757 1274 precepta
1777 1230 1868 1262 sunt

1412 1279 1524 1317 uobis
1563 1279 1688 1317 dicitis
1710 1279 1811 1316 serui

1410 1333 1561 1371 inutiles
1581 1345 1713 1371 sumus
1734 1333 1841 1383 quod

1412 1388 1618 1426 debuimus
1638 1387 1766 1427 facere
1786 1387 1822 1425 fe

1410 1442 1532 1480 cimus

1410 1507 1459 1532 Μ]
1474 1496 1721 1547 ¹1Etfizctum
1739 1502 1792 1535 est
1808 1498 1895 1535 dum

1413 1551 1518 1589 uadit
1539 1552 1579 1589 in
1598 1551 1830 1589 iherusalem

1412 1606 1621 1644 transiebat
1640 1619 1707 1656 per
1725 1619 1790 1644 me

1412 1660 1516 1699 diam
1538 1662 1786 1699 sammariam

1412 1755 1449 1786 et
1469 1748 1605 1798 galilea
1625 1755 1664 1787 et
1683 1748 1826 1787 hierico

1412 1803 1495 1841 1‘⁴'Et
1514 1803 1709 1852 ingressus
1729 1810 1785 1841 est
1805 1804 1844 1841 in

1411 1857 1611 1907 quondam
1632 1857 1822 1896 castellu-

1411 1919 1448 1950 et
1468 1924 1561 1950 ecce
1581 1911 1717 1949 decem
1736 1913 1809 1949 uiri

1412 1966 1553 2016 leprosi
1574 1972 1758 2004 steterunt

1411 2034 1434 2059 a
1454 2021 1571 2070 longe
1592 2020 1663 2058 ¹⁸et
1684 2020 1820 2059 leuaue

1410 2081 1499 2113 runt
1519 2087 1656 2113 uocem
1676 2075 1790 2113 dicen

1411 2136 1467 2168 tes
1487 2130 1553 2167 ihu
1572 2136 1776 2180 preceptor

1412 2185 1588 2222 miserere
1610 2185 1722 2221 nobis

1412 2238 1565 2286 l“Quod
1581 2245 1622 2276 ut
1637 2239 1733 2276 uidit
1747 2238 1841 2277 dixit
1861 2238 1911 2278 ite

1410 2294 1600 2332 ostendite
1620 2305 1693 2332 uos
1714 2305 1822 2332 sacer

1409 2349 1566 2387 donbus

1410 2403 1459 2440 Et
1480 2402 1624 2441 factum
1645 2408 1703 2440 est
1723 2401 1817 2440 dum

1410 2457 1559 2495 uadunt
1579 2457 1752 2495 mundati

1410 2518 1500 2550 sunt
1573 2511 1708 2550 1⁵unus
1729 2518 1847 2550 aute-

1411 2579 1459 2604 ex
1480 2566 1551 2604 illis
1571 2573 1612 2604 ut
1632 2566 1727 2605 uidit
1747 2567 1838 2616 quia

1411 2627 1567 2658 sanatus
1587 2627 1644 2658 est
1693 2632 1820 2669 regres

1412 2687 1476 2712 sus
1497 2682 1554 2713 est
1575 2686 1663 2712 cum
1684 2686 1829 2724 magna

1410 2741 1507 2766 uoce
1527 2729 1755 2777 magnificas

1409 2782 1477 2819 dm
1563 2782 1634 2820 16et
1653 2783 1791 2821 cecidit
1813 2782 1864 2820 ad

1410 2837 1530 2885 pedes
1550 2836 1632 2874 eius
1653 2838 1788 2887 magni

1410 2890 1529 2928 ficans
1549 2897 1586 2928 et
1607 2890 1668 2929 hic
1688 2898 1767 2930 erat

1410 2945 1707 2984 sammaritanus

1409 2998 1701 3049 ¹⁷Respondens
1722 3007 1851 3039 autem

2403 236 2450 282 67

1950 362 2018 401 Ihs
2039 363 2133 401 dixit
2153 363 2204 401 hi·
2226 363 2362 402 decern

1950 418 2126 455 mundati
2148 425 2236 456 sunt
2275 431 2328 457 no

1949 484 2039 510 uem
2059 473 2125 510 ubi
2146 480 2235 511 sunt
2257 472 2338 511 ¹⁸ex
2358 473 2431 512 illis

1950 539 2031 565 non
2050 534 2130 565 erat
2150 528 2215 578 qui
2236 528 2373 566 rediret

1949 588 1986 619 et
2006 583 2148 631 gratias
2168 595 2283 632 agere
2304 582 2358 621 do

1947 636 2007 673 nis
2027 636 2088 674 hic
2109 637 2324 686 alienigena

1948 689 2032 727 1‘'Et
2052 690 2103 728 ait
2123 692 2174 728 illi
2196 704 2310 741 surge
2331 697 2368 729 et
2389 703 2437 730 ua

1950 744 1999 782 de
2019 745 2110 794 quia
2132 746 2226 784 fides
2246 753 2311 784 tua
2332 753 2368 784 te

1951 799 2102 836 saluum
2122 799 2209 837 fecit

1949 863 2015 890 ιω
2028 853 2328 905 ²⁰Interr0galus
2341 858 2452 893 aule-

1949 919 1971 945 a
1991 908 2201 957 pharisaeis
2222 922 2327 960 quan

1947 962 1998 1000 do
2018 964 2124 1000 uenit
2145 977 2310 1013 regnum

1947 1016 1987 1054 di
2020 1018 2070 1055 ait
2091 1018 2162 1056 illis
2184 1031 2263 1057 non
2284 1019 2391 1057 uenit

1946 1083 2111 1121 regnum
2131 1074 2171 1111 di
2192 1086 2281 1111 cum
2301 1074 2354 1111 ob

1949 1127 2168 1165 seruatione
2200 1127 2362 1177 21neque

1948 1180 2079 1219 dicent
2100 1194 2191 1220 ecce
2213 1182 2275 1220 hic
2297 1189 2363 1220 aut

1947 1234 2023 1273 illic
2044 1248 2134 1274 ecce
2156 1237 2259 1274 enim
2281 1249 2349 1286 reg

1947 1301 2041 1326 num
2062 1290 2101 1328 di
2121 1291 2220 1328 intra
2240 1303 2311 1329 uos
2332 1297 2390 1330 est

1947 1343 2034 1381 2²Et
2049 1345 2098 1382 ait
2115 1345 2164 1382 ad
2180 1345 2388 1395 discipulos
2405 1358 2450 1384 su

1950 1410 1995 1437 os
2015 1400 2143 1437 ueniet
2163 1400 2244 1438 dies
2263 1406 2304 1437 ut
2324 1400 2372 1438 de

1949 1453 2111 1492 sideritis
2131 1454 2262 1492 uidere
2282 1461 2391 1492 unu·-

1948 1507 2051 1546 diem
2073 1509 2126 1546 fili
2147 1509 2316 1547 hominis
2336 1516 2373 1547 et

1948 1574 2027 1601 non
2048 1563 2226 1602 uidebitis
2246 1564 2316 1602 met
2337 1564 2422 1603 dice

2308 1621 2320 1649 t

1947 1661 2060 1699 uobis
2080 1674 2171 1700 ecce
2193 1661 2254 1701 hic
2285 1674 2329 1711 ec
2349 1675 2394 1701 ec

1947 1761 1990 1787 ce
2011 1749 2088 1787 illic
2128 1750 2244 1788 nolite
2266 1750 2344 1788 irae

1947 1816 2100 1853 nequae
2121 1804 2321 1842 sectemini

1946 1856 2074 1895 ²⁴nam
2095 1859 2192 1896 sicut
2212 1859 2340 1908 fulgur

1946 1924 2155 1951 coruscans
2176 1913 2224 1951 de
2245 1914 2318 1951 sub
2338 1925 2383 1951 ce

1946 1966 1984 2004 lo
2004 1967 2055 2005 ita
2074 1968 2143 2004 erit

1946 2021 2155 2059 2⁵Primum
2177 2029 2306 2060 autern
2325 2035 2423 2072 opor

1946 2081 2001 2114 tet
2021 2076 2128 2114 illum
2149 2077 2271 2115 multa
2291 2079 2371 2126 pati

1946 2137 1984 2168 et
2003 2132 2201 2180 reprobari
2221 2144 2243 2169 a
2263 2144 2365 2182 gene

1946 2186 2094 2223 ratione
2115 2186 2187 2224 hac

1945 2238 2032 2277 2‘³Et
2048 2240 2146 2278 sicut
2166 2240 2309 2279 factum
2329 2247 2387 2279 est
2407 2240 2447 2278 in

1947 2295 2082 2332 diebus
2102 2307 2177 2332 noe
2197 2295 2249 2332 ita
2269 2296 2339 2333 erit
2360 2301 2398 2333 et

1944 2349 1984 2387 in
2004 2350 2139 2387 diebus
2160 2350 2210 2386 fili
2230 2349 2338 2387 homi

1945 2404 2005 2441 nis
2043 2404 2266 2441 ²⁷sedebant
2286 2410 2323 2441 et
2343 2403 2433 2442 bibe

1946 2459 2040 2496 bant
2060 2459 2258 2495 nubebant
2277 2469 2356 2495 uxo

1945 2525 2006 2550 res
2027 2512 2221 2550 ducebant
2240 2524 2363 2562 usque

1946 2567 1986 2604 in
2006 2567 2067 2604 die
2087 2579 2166 2616 quo
2187 2567 2342 2604 intrauit

1945 2633 2020 2659 noe
2042 2622 2080 2657 in
2097 2633 2226 2658 arcam
2247 2626 2285 2658 et
2305 2633 2354 2658 ue

1944 2675 1999 2712 nit
2020 2675 2205 2712 diluuium
2226 2681 2263 2712 et
2281 2687 2350 2724 per

1946 2728 2042 2766 didit
2063 2741 2201 2766 omnes
2274 2729 2399 2768 ²8simi

1945 2783 2030 2820 liter
2052 2783 2196 2821 factum
2218 2790 2275 2822 est
2294 2785 2333 2821 in

1945 2837 2079 2876 diebus
2099 2838 2192 2875 loth·
2228 2838 2380 2876 edeba-

1942 2899 1981 2930 et
2001 2893 2185 2930 bibebant
2218 2894 2385 2931 emeba-

1942 2947 2164 2985 uendebant
2198 2947 2331 2996 planta

1943 3001 2037 3040 bant
2058 3001 2315 3040 aedificabant
