2866 3346
279 237 356 263 xiv.
379 236 506 261 zo-xv.
531 220 603 275 26.]
658 221 1073 260 EUANGELHJM
1103 220 1213 260 SEC

280 311 362 341 Fol.
381 311 415 340 9.

281 353 506 391 Mentorum
527 351 655 390 duode

280 407 356 445 cim
377 406 526 445 cofinos
546 407 683 456 plenos

280 461 632 499 ”manducantium
653 473 702 498 au

280 521 360 553 tem
379 514 448 552 fuit
467 527 650 552 numerus

280 569 452 619 quinque
474 569 577 606 milia
597 569 756 606 uiroru-

280 623 454 672 exceptis
473 624 602 673 pueris
622 630 659 661 et
678 635 745 660 mu

279 677 434 715 lieribus

281 731 365 769 2²Et
384 731 511 769 statim
530 731 587 769 ihs
603 731 709 769 iussit
725 731 783 769 dis

280 785 428 835 cipulus
448 798 538 823 suos
559 785 724 823 ascende

282 852 322 877 re
343 840 381 876 in
403 839 622 877 nauiculam
642 846 679 876 et

281 893 509 943 praecedere
530 900 634 931 trans
654 893 691 931 se

281 954 363 985 tum
383 948 508 986 donec
527 948 608 998 ipse
629 947 738 985 dimit

282 1008 378 1039 teret
398 1003 530 1039 turbas

281 1055 366 1093 ²³Et
390 1056 532 1094 dimisit
555 1056 665 1093 turba
685 1061 722 1093 et
743 1067 785 1093 as

280 1110 408 1148 cendit
427 1110 466 1146 in
487 1115 661 1148 montem

281 1164 384 1201 solus
406 1176 515 1201 orare

281 1228 396 1255 XLIII·
404 1216 785 1267 Uespereaulemfizclo

280 1272 384 1310 solus
400 1278 480 1311 erat
496 1272 549 1309 ibi
605 1271 784 1309 ²⁴¹nauicu

279 1326 316 1364 la
335 1333 466 1365 autem
485 1326 562 1363 iam
583 1325 622 1362 in
642 1337 705 1362 me

281 1380 345 1419 dio
366 1381 461 1419 mari
481 1380 692 1418 iactabatur

279 1447 302 1472 a
322 1435 502 1474 fluctibus
523 1441 604 1472 erat
622 1434 726 1472 enim

279 1489 351 1528 illis
370 1496 508 1528 uentus
529 1494 664 1527 contra

278 1543 356 1581 rius

279 1595 466 1645 ²⁵Qiarta
485 1592 614 1635 autem
632 1595 760 1646 uigilia

281 1724 418 1765 Noctis
439 1725 544 1763 uenit
563 1724 612 1762 ad
632 1736 699 1763 eos

280 1780 339 1818 ihs
359 1780 562 1818 ambulans
582 1791 699 1829 supra

280 1846 387 1872 mare

280 1888 503 1926 ²⁶Uidentes
523 1894 652 1925 autem
672 1886 765 1925 illu-

280 1954 395 1992 supra
415 1954 522 1980 mare
542 1943 660 1979 ambu

280 1996 422 2034 lantem
443 1997 582 2034 turbati
603 2002 692 2034 sunt

279 2050 451 2089 dicentes
471 2051 562 2100 quia
581 2049 686 2100 phan

280 2112 405 2143 tasma
424 2112 481 2143 est
500 2111 538 2142 et
556 2117 647 2154 prae
668 2105 697 2142 ti

280 2171 388 2197 more
407 2159 672 2197 clamauerunt

279 2214 352 2252 ²⁷et
373 2214 501 2251 statim
521 2213 579 2250 ihs
599 2213 750 2251 loeutus

281 2274 338 2306 est
358 2268 412 2306 eis
433 2267 565 2305 dicens
585 2279 681 2306 cons

281 2328 406 2360 tantes
427 2328 549 2360 estote
570 2321 688 2360 nolite

281 2377 414 2413 timere
434 2388 509 2425 ego
529 2388 616 2413 sum

281 2430 310 2451 ²⁸
318 2429 574 2479 Respondens
594 2436 723 2467 autem

282 2483 317 2521 ei
337 2490 466 2533 petrus
487 2484 583 2521 dixit
602 2484 677 2521 dfie
698 2483 729 2521 si

283 2543 324 2574 tu
343 2549 384 2574 es
404 2537 492 2574 iube
511 2550 573 2574 me
594 2538 727 2575 uenire

283 2591 333 2629 ad
353 2597 389 2628 te
411 2603 524 2639 super
544 2603 686 2640 aquam

282 2644 368 2682 ²⁹ad
388 2645 469 2694 ipse
490 2645 541 2682 ait
560 2645 649 2681 ueni
664 2650 700 2682 et
716 2644 785 2683 des

282 2699 452 2737 cendens
471 2704 599 2748 petrus
621 2698 668 2736 de

283 2753 460 2791 nauicula
480 2752 637 2790 ambula

282 2808 347 2845 bat
368 2819 482 2856 super
501 2818 644 2856 aquam
664 2812 705 2845 ut

281 2862 430 2899 ueniret
450 2860 498 2899 ad
517 2861 597 2898 ihm

281 2915 311 2936 ⁸⁰
319 2915 467 2953 Uidens
486 2927 579 2954 uero
598 2921 746 2954 uentu*

283 2969 453 3008 ualidum
473 2969 597 3007 timuit
615 2976 653 3008 et

817 351 919 391 Cum
939 352 1132 402 coepisset
1151 363 1234 391 mex·

817 407 855 457 gi
876 407 1055 445 clamauit
1075 407 1208 444 dicens

818 462 893 499 dne
914 462 1063 498 saluum
1083 473 1145 498 me
1164 460 1224 498 fac

817 515 902 553 ⁸¹Et
918 515 1104 553 continuo
1123 514 1181 552 ihs
1201 520 1316 552 exte*

819 569 914 608 dens
935 581 1092 607 manum
1114 569 1231 618 adpre

818 623 950 661 hendit
969 635 1058 661 eum
1079 629 1116 661 et
1136 624 1186 660 ait
1206 623 1256 660 illi

818 678 994 715 modicae
1014 677 1102 715 fidei
1123 689 1242 727 quare

818 731 996 769 dubitasti

817 786 903 823 ³²Et
921 797 1010 824 cum
1031 784 1265 823 ascendisset

817 840 857 877 in
877 839 1094 877 nauiculam
1114 851 1225 877 cessa

818 895 872 932 uit
892 900 1032 932 uentus
1052 893 1153 943 ³⁸qui
1174 900 1302 932 autem

818 948 858 985 in
878 948 1054 986 nauicula
1074 954 1182 985 erant

818 1008 1006 1040 uenerunt
1024 1009 1063 1040 et
1082 1002 1202 1040 adora

818 1062 957 1094 uerunt
976 1068 1064 1094 eum
1086 1056 1198 1093 dicen

818 1117 874 1148 tes
894 1123 985 1148 uere
1007 1110 1104 1147 filius
1123 1109 1162 1147 di
1183 1116 1240 1148 est

820 1165 976 1201 XLIIH³⁴
987 1164 1032 1202 E
1030 1169 1046 1201 l
1057 1176 1138 1201 cum
1153 1165 1322 1214 transfre

819 1224 934 1255 tasset
955 1224 1141 1255 uenerunt
1162 1218 1200 1256 in

819 1278 958 1310 terram
979 1284 1169 1321 gennesar

819 1326 891 1364 ⁸⁵et
911 1338 999 1364 cum
1019 1326 1208 1375 cognouis

818 1386 904 1418 sent
924 1392 1013 1418 eum
1034 1381 1105 1417 uiri
1125 1380 1197 1418 loci
1217 1380 1242 1417 il

818 1434 892 1472 lius
912 1434 1127 1473 adorabant
1145 1446 1235 1472 eum

818 1495 855 1527 et
874 1489 1062 1527 miserunt
1081 1489 1120 1526 in
1139 1489 1206 1526 uni

818 1555 971 1580 uersam
990 1543 1189 1592 regionem

816 1597 921 1635 illam
940 1603 977 1635 et
996 1597 1219 1647 optulerunt

816 1726 862 1763 Ei
882 1737 1021 1764 omnes
1040 1725 1140 1764 male
1161 1725 1288 1763 habe*

816 1786 874 1818 tes
894 1780 967 1818 ⁸⁶et
987 1781 1178 1830 rogabant
1197 1792 1287 1818 eum

816 1840 858 1872 ut
877 1835 939 1872 uel
959 1834 1136 1872 finbriam
1157 1835 1254 1872 uesti

816 1888 936 1926 menti
955 1889 1035 1926 eius
1055 1895 1229 1938 tangeret

816 1949 854 1981 et
875 1943 1110 1992 quicumque
1131 1943 1246 1992 tetige

815 2004 904 2035 runt
924 1997 1018 2035 salbi
1039 1997 1126 2035 facti
1148 2004 1237 2035 sunt

816 2061 864 2088 XL
870 2056 938 2088 U15
947 2051 958 2072 ¹
970 2051 1010 2089 T
1003 2064 1073 2089 unc
1088 2052 1322 2089 adcesserunt

1254 2103 1324 2158 [ad

815 2166 1012 2199 cesserunt
1032 2159 1081 2198 ad
1100 2172 1189 2198 eum
1210 2160 1284 2198 scri

815 2215 888 2252 bae
908 2221 945 2251 et
969 2214 1136 2264 pharisei
1159 2216 1209 2252 ab
1232 2214 1295 2252 hie

817 2269 1021 2318 rosolymis
1041 2268 1211 2306 dicentes

816 2321 956 2372 ²quare
976 2322 1151 2372 discipuli
1170 2322 1223 2360 tui

816 2376 1145 2426 transgrediuntur
1164 2383 1222 2415 tra

817 2430 1001 2469 ditionem
1022 2431 1217 2469 seniorum

817 2497 898 2523 non
918 2485 1021 2523 enim
1037 2485 1166 2523 lauant
1186 2497 1250 2523 ma

816 2551 889 2577 nus
909 2551 997 2577 suas
1018 2551 1107 2577 cum
1127 2539 1274 2577 mandu

817 2599 907 2630 cant
927 2605 1070 2642 panem

815 2646 903 2684 ³1hs
919 2653 1047 2685 autem
1069 2647 1267 2697 respondit
1282 2647 1320 2685 di

817 2700 871 2738 xit
890 2700 960 2738 illis
981 2713 1098 2750 quare
1118 2708 1155 2738 et
1175 2712 1248 2738 uos

817 2755 1127 2803 transgredimini
1147 2762 1239 2792 ma-

818 2808 952 2845 datum
972 2807 1011 2845 di
1031 2814 1187 2858 propter
1207 2814 1266 2846 tra

819 2862 1005 2899 ditionem
1025 2871 1193 2899 uestram

818 2917 931 2954 ‘nam
953 2915 1046 2953 dixit
1065 2915 1112 2953 ds
1132 2916 1238 2954 hono

871 2982 912 3008 ra
931 2976 1079 3020 patrem
1100 2976 1208 3007 tuum

873 3030 910 3063 et
929 3030 1090 3063 matrem
1111 3030 1217 3063 tuam

1742 222 1830 260 MA
1843 223 2053 262 TTEUM
2408 235 2430 273 5

1389 309 1470 339 Fol.
1487 310 1543 340 10.

1442 352 1493 389 Et
1512 351 1579 402 qui
1598 351 1838 390 maledixerit

1443 408 1541 456 patri
1562 406 1623 444 uel
1643 406 1755 444 matri
1775 419 1864 445 mor

1444 467 1480 498 te
1502 461 1685 498 moriatur

1387 513 1493 551 ⁵Uos
1514 522 1644 552 autem
1666 514 1789 552 dicitis
1808 515 1874 564 qui

1389 580 1558 617 cumque
1579 569 1715 606 dixerit
1735 570 1831 617 patri

1388 622 1451 660 uel
1471 622 1582 660 matri
1602 634 1742 659 munus
1764 623 1870 673 quod

1389 688 1557 726 cumque
1578 684 1634 714 est
1654 689 1702 714 ex
1723 689 1784 714 me
1806 677 1833 714 ti

1389 731 1426 768 bi
1447 731 1639 779 prodeerit
1658 731 1759 768 ⁶non
1778 731 1829 770 ho

1389 784 1604 823 norificauit
1624 791 1774 834 patrem

1389 851 1503 876 suum
1524 846 1588 876 aut
1609 845 1772 876 matrem

1388 899 1426 931 et
1446 893 1600 931 inritum
1622 893 1761 931 fecistis
1781 893 1820 930 in

1389 948 1552 985 uerbum
1573 946 1613 984 di
1633 954 1790 997 propter
1811 954 1868 985 tra

1389 1001 1575 1039 ditionem
1595 1008 1765 1039 uestram

1388 1056 1401 1077 ⁷
1412 1054 1626 1106 Hyprocite
1647 1057 1746 1094 bene
1766 1055 1875 1105 profe

1731 1119 1749 1140 e

1389 1152 1483 1190 tauit
1502 1152 1550 1191 de
1570 1153 1683 1191 uobis
1704 1154 1802 1192 esias

1389 1207 1522 1245 dicens

1444 1261 1572 1309 ⁸plebs
1593 1260 1689 1298 haec
1710 1273 1772 1299 me
1793 1261 1830 1299 la

1444 1315 1515 1352 biis
1535 1314 1700 1352 honorat
1720 1327 1787 1353 cor

1443 1376 1573 1406 autem
1594 1369 1746 1406 illorum

1443 1423 1559 1472 longe
1580 1430 1637 1461 est
1657 1436 1679 1461 a
1699 1435 1761 1461 me
1781 1423 1833 1461 ⁹si

1443 1489 1492 1515 ne
1513 1490 1628 1515 causa
1648 1484 1778 1516 autem

1443 1531 1578 1570 colunt
1598 1544 1660 1569 me
1682 1532 1807 1570 docen

1445 1592 1501 1624 tes
1521 1586 1714 1624 doctrinas
1735 1592 1773 1623 et

1444 1640 1627 1679 mandata
1647 1640 1753 1679 homi

1389 1726 1496 1765 Num

1388 1781 1473 1819 1⁰Et
1493 1782 1720 1820 conuocatis
1740 1781 1789 1820 ad
1809 1794 1849 1820 se

1388 1836 1507 1874 turbis
1528 1836 1622 1873 dixit
1642 1836 1697 1873 eis
1717 1836 1807 1873 audi

1388 1896 1425 1928 te
1446 1896 1483 1927 et
1503 1890 1710 1939 intellegite
1729 1889 1845 1928 ¹¹n0n

1389 1943 1496 1994 quod
1516 1944 1668 1982 intrauit
1688 1944 1726 1981 in
1746 1956 1791 1982 os

1389 1998 1612 2047 coinquinat
1633 1997 1819 2036 homine*

1389 2052 1457 2090 sed
1477 2051 1584 2102 quod
1603 2052 1785 2101 procedet

1388 2106 1437 2144 de
1456 2118 1522 2144 ore
1542 2106 1617 2144 hoc
1637 2106 1794 2157 coinqui

1388 2166 1454 2198 nat
1473 2160 1672 2198 hominem

1388 2214 1539 2252 12Tune
1559 2214 1791 2252 adcedentes
1814 2213 1873 2252 dis

1389 2269 1504 2318 cipuli
1524 2269 1606 2306 eius
1627 2269 1804 2306 dixerunt

1388 2323 1423 2360 ei
1445 2324 1518 2361 scis
1538 2322 1645 2373 quod
1664 2322 1831 2372 pharisei

1388 2377 1518 2414 audito
1540 2377 1612 2415 hoc
1633 2378 1754 2415 uerbo

1389 2430 1636 2469 scandalizati
1656 2438 1747 2469 sunt

1388 2485 1486 2523 ¹³Ad
1506 2485 1564 2522 ihs
1584 2484 1794 2535 respondes
1814 2484 1864 2522 ait

1389 2540 1516 2577 omnis
1529 2539 1715 2589 plantatio
1734 2546 1839 2588 qua*

1388 2606 1470 2632 non
1489 2593 1677 2643 plantauit
1697 2599 1804 2643 pater

1389 2659 1498 2685 meus
1518 2647 1690 2685 caelestis
1709 2658 1774 2684 era

1389 2701 1577 2738 dicabitur

1389 2754 1417 2775 ¹⁴
1427 2754 1544 2792 Sinite
1564 2753 1648 2791 illos
1671 2753 1776 2792 caeci
1801 2759 1891 2792 sunt

1389 2808 1506 2846 duces
1527 2820 1730 2845 caecorum

1388 2874 1529 2900 caecus
1549 2869 1677 2900 autem
1698 2862 1727 2900 si
1748 2874 1817 2900 cae

1388 2928 1437 2955 co
1456 2916 1638 2954 ducatum
1659 2916 1757 2954 dede

1389 2970 1436 3009 rit
1455 2971 1571 3009 ambo
1587 2970 1626 3008 in
1646 2970 1759 3009 fouea

1927 352 2080 390 Cadent

1925 406 1953 427 1⁵
1963 406 2224 456 Respondens
2245 415 2374 447 autem

1926 468 2056 511 petrus
2077 461 2170 500 dixit
2189 463 2223 500 ei
2244 476 2356 501 narra

1926 516 2039 554 nobis
2058 517 2283 566 parabolam
2304 518 2335 555 is

1926 575 2006 607 tam

1926 623 2027 661 1‘'’Ad
2046 624 2106 662 ille
2127 625 2223 662 dixit
2245 626 2371 665 adhuc
2393 633 2430 664 et

1927 690 1997 716 uos
2019 679 2100 716 sine
2121 679 2314 718 intellectu

1927 732 2017 770 estis
2036 731 2151 770 ²⁷non
2171 734 2338 783 intellegi

1926 786 1974 824 tis
1994 786 2085 835 quia
2105 799 2221 825 omne
2242 788 2348 837 quod

1927 840 2043 878 intrat
2063 841 2102 878 in
2123 853 2167 879 os
2187 842 2225 879 in
2246 855 2322 880 uen

1927 901 2026 932 trem
2047 895 2153 932 uadit
2172 902 2209 933 et
2230 896 2268 933 in
2289 909 2330 935 se

1927 960 2080 986 cessum
2099 950 2279 988 emittitur

1927 1002 1954 1023 ¹⁸
1962 1015 2062 1053 quae
2082 1010 2211 1042 autem
2231 1017 2348 1054 proce

1928 1057 2024 1095 dunt
2044 1057 2091 1095 de
2112 1070 2178 1096 ore
2199 1058 2247 1096 de
2267 1071 2334 1097 cor

1928 1111 1975 1149 de
1996 1119 2138 1150 exeunt
2158 1118 2195 1150 et
2215 1125 2302 1150 eam

1927 1166 2182 1216 coinquinant
2202 1166 2307 1204 homi

1927 1232 2019 1258 nem
2097 1220 2178 1258 1⁹’de
2198 1221 2316 1259 corde
2335 1222 2427 1260 eni*

1928 1280 2071 1311 exeunt
2089 1275 2346 1323 cogitationes

1927 1327 2028 1366 male
2048 1328 2255 1366 homicidia
2276 1330 2326 1368 ad

1927 1381 2061 1420 ulteria
2081 1382 2283 1421 fornicatio

1927 1448 1996 1474 nes
2017 1436 2115 1474 furta
2134 1437 2230 1475 falsa
2250 1439 2335 1476 testi

1926 1491 2060 1528 monia
2079 1491 2302 1530 blastemiae

1925 1543 2059 1583 ²⁰haec
2079 1553 2169 1583 sunt
2188 1559 2263 1596 que
2287 1548 2430 1597 conqui

1927 1606 2022 1637 nant
2041 1599 2240 1638 hominem

1925 1727 2011 1766 2ῙΕῖ
2030 1740 2207 1777 egressus
2226 1729 2315 1767 inde
2334 1730 2393 1769 ihs

1926 1783 2081 1820 secessit
2101 1783 2140 1820 in
2160 1791 2288 1833 partes
2308 1786 2380 1834 tyri

1925 1842 1963 1873 et
1984 1836 2130 1874 sidonis

1926 1900 1974 1927 XL
1980 1891 2051 1926 U1²²
2061 1891 2120 1928 Et
2128 1905 2201 1929 ecce
2214 1893 2348 1930 mulier
2359 1894 2430 1932 cha

1926 1956 2052 1982 nanea
2072 1958 2225 1995 egressa
2246 1959 2268 1984 a
2288 1947 2356 1984 fini

1926 1999 1999 2036 bus
2019 1999 2090 2037 illis
2111 1999 2291 2038 clamauit
2311 2000 2349 2038 di

1925 2064 2018 2090 cens
2038 2054 2072 2091 ei
2092 2054 2273 2092 miserere
2294 2055 2370 2093 mei

1926 2107 2002 2144 dfie
2024 2127 2032 2135 ·
2054 2107 2106 2144 fili
2119 2108 2235 2146 dauid
2251 2109 2327 2147 filia
2342 2122 2430 2148 mea

1925 2161 2025 2199 male
2046 2174 2068 2199 a
2088 2161 2270 2201 demonio
2289 2175 2338 2201 ue

1925 2222 2037 2253 xatur
2059 2238 2067 2247 ·
2088 2216 2174 2254 ²⁸ad
2195 2217 2253 2256 ihs
2273 2229 2353 2256 non
2367 2230 2429 2256 res

1925 2270 2061 2319 pondit
2080 2270 2114 2308 ei
2133 2272 2296 2308 uerbum

1924 2323 1974 2361 Et
1994 2323 2216 2363 adcidentes
2236 2325 2386 2375 discipu

1925 2378 1951 2415 li
1971 2379 2052 2416 eius
2072 2379 2259 2427 rogabam
2280 2391 2369 2416 eum

1926 2432 2096 2470 dicentes
2116 2432 2286 2470 dimittae
2307 2441 2380 2471 ea‘

1925 2486 2014 2535 quia
2034 2486 2174 2524 clamat
2194 2493 2280 2536 post
2300 2499 2373 2525 nos

1925 2540 1954 2561 ²4
1962 2540 2051 2589 Ipse
2071 2547 2199 2577 autem
2215 2542 2428 2590 respondes

1926 2594 1977 2631 ait
1998 2606 2077 2630 non
2098 2605 2183 2631 sum
2203 2595 2344 2634 missus

1925 2647 1998 2685 nisi
2019 2647 2067 2685 ad
2088 2659 2182 2685 oues
2202 2661 2303 2698 quae
2322 2662 2373 2699 pe

1923 2702 2066 2739 rierunt
2086 2701 2225 2741 domus
2245 2703 2337 2742 istra

1924 2755 1987 2793 hel

1925 2809 2024 2847 ²⁵Ad
2044 2809 2106 2848 illa
2126 2811 2232 2848 uenit
2252 2817 2289 2849 et
2309 2811 2428 2851 adora

1924 2864 1991 2902 bat
2010 2876 2100 2901 eum
2120 2864 2252 2904 dicens
2272 2866 2361 2904 adiu

1925 2930 1975 2956 ua
1994 2930 2057 2957 me
2077 2918 2153 2956 dne

2396 2983 2418 3004 n

1923 3016 2049 3067 ²⁶Ipse
2070 3022 2200 3055 autem
2213 3017 2426 3068 respondes
