2820 3334
469 205 517 253 76

467 290 551 321 1⁸01.
568 290 649 321 149.

469 333 622 372 Positus
642 338 723 371 erat

468 387 553 425 ⁶⁴Et
573 387 655 426 dies
675 393 757 426 erat
776 398 874 425 cena
893 398 948 436 pu

466 454 509 480 ra
564 448 602 479 et
622 441 826 479 sabbatum
845 441 886 478 in

467 495 685 534 lucescebat
740 494 847 532 ⁶¹⁵sub

469 555 622 588 secutae
642 555 731 587 sunt
750 555 881 586 autern

468 603 543 642 due
563 603 741 641 mulieres
771 615 872 653 quae

468 669 556 696 cum
576 658 663 707 ipso
682 662 869 695 uenerant

468 711 517 750 de
538 711 675 761 galilea
766 711 854 749 uide

468 773 557 804 runt
576 769 862 804 monumentu·'

468 826 507 859 et
526 819 861 870 quemadmodum

466 875 636 925 positum
657 880 737 912 erat
756 884 897 924 corpus

467 929 550 967 eius
605 927 677 966 ¹⁵⁶et
696 935 872 966 reuerten

466 988 525 1021 tes
545 990 775 1032 parauerunt
794 994 861 1020 aro

467 1043 614 1075 matam
633 1043 671 1074 et
690 1048 847 1086 unguen

469 1097 509 1128 ta
558 1090 718 1128 sabbato
739 1089 896 1140 quidem

470 1144 656 1183 siluerunt
676 1156 796 1182 secun

468 1198 562 1237 dum
583 1198 809 1236 mandatum
885 1193 969 1250 [sab

468 1252 668 1303 Lxxomr(
684 1252 738 1290 24¹
751 1252 838 1290 Una
849 1255 968 1289 aulem

468 1307 547 1345 bati
566 1313 757 1345 uenerunt
775 1306 839 1344 ual

470 1361 519 1399 de
539 1361 717 1399 deluculo
737 1361 787 1399 ad
806 1371 873 1397 mo

468 1421 698 1453 numentum
718 1420 859 1464 porta-

468 1475 525 1508 tes
545 1481 645 1519 quae
665 1475 887 1519 paraueru-

467 1523 526 1561 2et
544 1524 774 1561 inuenerunt
792 1522 869 1572 lapi

469 1578 560 1616 dem
580 1577 799 1616 reuolutum
819 1590 842 1615 a
861 1589 928 1616 mo

471 1664 672 1704 Numento
711 1665 859 1715 ‘'ingres

470 1732 510 1758 se
531 1726 661 1758 autem
681 1731 761 1758 non
779 1721 869 1758 inue

467 1780 607 1812 nerunt
626 1785 766 1824 corpus

468 1828 542 1866 ‘Et
563 1828 707 1867 factum
727 1835 784 1866 est
804 1827 898 1866 dum

469 1889 599 1921 mente
620 1882 802 1921 contrista

469 1943 602 1974 rentur
621 1937 669 1974 de
689 1936 762 1974 isto

468 1990 575 2029 Ecce
596 1990 674 2028 duo
694 1991 763 2028 uiri
785 1995 881 2028 stete

469 2052 559 2083 runt
578 2045 673 2083 sicut
692 2045 774 2083 illas
793 2045 832 2081 in

469 2105 576 2137 ueste
595 2098 796 2148 splendida

470 2152 594 2191 ⁸Cum
614 2153 792 2190 timerent
811 2157 930 2191 aute·-

469 2213 509 2246 et
527 2205 764 2245 declinarent
782 2207 848 2244 uul

468 2267 553 2299 tum
571 2261 612 2299 in
632 2267 772 2299 terram
792 2260 830 2298 di

471 2321 608 2354 xerunt
627 2314 677 2352 ad
695 2314 778 2352 illas
798 2313 891 2365 quid

471 2369 628 2420 queritis
647 2369 844 2407 uiuentem

471 2436 560 2462 cum
579 2422 742 2461 mortuis
790 2423 852 2461 “re

470 2477 741 2516 memoramini
761 2489 838 2527 qua

469 2532 553 2570 liter
571 2531 724 2571 loeutus
745 2532 792 2570 sit
810 2543 863 2569 uo

472 2586 532 2624 bis
642 2598 732 2624 curn
753 2584 881 2623 adhuc

473 2640 512 2677 in
532 2639 670 2690 galilea
689 2652 772 2678 esse
792 2639 852 2677 ⁷di

474 2706 567 2731 cens
652 2695 742 2744 quia
762 2706 863 2744 opor

471 2753 526 2785 tet
544 2747 665 2784 filium
685 2748 852 2786 hominis

472 2801 570 2839 tradi
590 2801 629 2838 in
652 2813 790 2839 manus
810 2802 862 2840 ho

472 2855 623 2893 minum
642 2861 680 2892 et
699 2855 802 2893 cruci
823 2856 847 2893 fi

472 2909 512 2959 gi
532 2915 570 2948 et
589 2909 698 2947 tertia
717 2908 779 2947 die
799 2920 905 2947 resur

701 200 1118 241 EUANGELIUM
1139 201 1251 241 SEC

1003 331 1054 371 Gi
1109 333 1169 371 ¹³et
1187 345 1405 372 rememora

1003 393 1063 425 tae
1084 394 1172 426 sunt
1191 388 1388 426 uerboru'

1001 441 1142 479 horum

1001 494 1072 532 ⁹Et
1091 507 1245 546 egresse
1263 495 1447 533 nuntiaue

1003 555 1092 587 runt
1110 549 1207 588 haec
1227 550 1358 588 omnia
1378 549 1402 587 il

1002 602 1050 642 lis
1069 603 1248 642 undecim
1268 611 1305 642 et
1326 610 1409 642 cete

1003 657 1054 695 ris
1074 659 1257 696 omnibus
1294 658 1410 697 ¹⁰erat

1003 718 1136 750 autem
1155 713 1277 750 maria
1296 724 1389 762 mag

1004 765 1165 804 dalenae
1185 773 1223 804 et
1241 766 1410 804 iohanna

1002 827 1040 858 et
1059 820 1181 858 maria
1198 820 1326 858 iacobi
1356 826 1394 858 et

1004 881 1131 912 cetere
1150 886 1225 924 que
1246 886 1336 912 cum
1355 873 1447 924 ipsis

1003 928 1154 966 fuerant
1183 929 1278 966 haec
1298 928 1383 966 dice

1003 982 1096 1020 bant
1115 981 1165 1020 ad
1185 981 1384 1032 apostolos

1003 1036 1075 1074 ¹¹et
1093 1035 1177 1074 uisa
1196 1042 1284 1074 sunt
1304 1042 1394 1074 ante
1417 1035 1502 1074 illos

1003 1090 1101 1129 sicut
1121 1090 1403 1128 deliramentu'·'

1003 1145 1122 1182 uerba
1143 1145 1215 1183 ista
1234 1151 1271 1183 et
1291 1156 1372 1182 non

1002 1198 1213 1237 credebant
1233 1198 1306 1237 illis

1001 1252 1029 1274 ¹²
1037 1252 1173 1291 Petrus
1192 1260 1321 1291 autem
1341 1264 1502 1302 surgens

1002 1307 1168 1346 cucurrit
1187 1307 1238 1345 ad
1256 1319 1379 1345 monu

1004 1368 1179 1399 mentum
1199 1368 1237 1400 et
1256 1361 1447 1411 aspiciens

1001 1415 1108 1454 uidet
1127 1415 1349 1454 linteamina
1369 1427 1421 1466 po

1003 1470 1075 1508 sita
1095 1469 1176 1508 sola
1195 1477 1231 1508 et
1251 1469 1341 1508 abiit
1361 1474 1453 1519 aput

1003 1524 1255 1573 semetipsum
1274 1524 1420 1562 mirans

1002 1578 1146 1616 factum

1001 1663 1505 1704 ¹⁸Etecceduoexillisiba-

1003 1719 1044 1758 in
1062 1720 1145 1769 ipsa
1165 1719 1226 1757 die
1245 1719 1286 1757 in
1305 1719 1490 1758 castellu-

1004 1772 1109 1823 quod
1129 1773 1286 1812 daberat
1305 1774 1430 1824 spatio

1005 1827 1216 1866 stadiorum
1237 1828 1396 1878 sexagin

938 1900 942 1905 ·
1004 1889 1044 1920 ta
1063 1883 1112 1920 ab
1132 1881 1361 1920 hierusalem
1380 1893 1433 1920 no

1004 1936 1108 1974 mine
1128 1948 1305 1974 ammaus
1325 1942 1363 1974 et
1382 1935 1465 1974 cleo

1004 1990 1102 2040 phas
1156 1990 1228 2028 ¹⁴et
1247 1990 1321 2040 ipsi
1341 1990 1471 2028 fabula

1005 2045 1147 2083 bantur
1166 2043 1214 2082 de
1233 2043 1292 2083 his
1314 2045 1421 2083 omni

1004 2099 1077 2137 bus
1097 2110 1174 2149 que
1194 2098 1418 2137 adciderant

1005 2153 1091 2191 ¹⁵Et
1112 2152 1257 2190 factum
1276 2159 1333 2191 est
1353 2152 1448 2191 dum
1468 2152 1505 2191 fa

1005 2207 1230 2245 bularentur

1004 2260 1055 2299 Et
1073 2261 1156 2311 ipse
1174 2261 1233 2298 ihs
1253 2260 1475 2310 superuenit

1006 2320 1044 2352 et
1063 2314 1142 2352 ibat
1163 2327 1252 2352 cum
1271 2315 1341 2352 illis
1360 2315 1469 2354 ¹⁶0cu

1005 2369 1030 2406 li
1050 2375 1178 2406 autem
1197 2368 1348 2407 illorum
1370 2375 1407 2407 te

1007 2424 1196 2461 nebantur
1216 2434 1265 2460 ne
1285 2434 1376 2461 eum

1008 2483 1263 2526 agnoscerent

1007 2530 1093 2569 ¹⁷Et
1109 2531 1160 2568 ait
1175 2530 1224 2568 ad
1239 2530 1325 2569 illos
1337 2529 1506 2581 quisunt

1007 2585 1069 2623 isti
1088 2596 1288 2623 sermones
1307 2596 1407 2635 quos

1007 2639 1189 2678 confertis
1208 2639 1258 2677 ad
1277 2639 1431 2677 inuice-

1007 2700 1045 2731 et
1064 2693 1155 2732 estis
1178 2693 1303 2731 tristes

1007 2747 1091 2785 ¹⁸Et
1110 2747 1323 2798 respondes
1337 2759 1438 2786 unus
1457 2759 1505 2786 ex

1006 2802 1098 2852 ipsis
1118 2802 1179 2840 cui
1199 2813 1343 2840 nomen
1363 2801 1446 2840 cleo

1007 2855 1103 2906 phas
1141 2856 1236 2894 dixit
1257 2856 1291 2894 ei
1311 2863 1351 2894 tu
1371 2855 1477 2894 solus

1005 2909 1225 2961 pelegrinus
1246 2910 1285 2948 in
1304 2909 1411 2949 hieru

1850 203 2153 244 LUCANUM
2201 203 2329 259 [xxm.
2350 218 2522 254 53—xx1v.
2543 210 2601 254 36.

1530 299 1532 302 ’
1570 291 1653 322 Fol.
1669 293 1752 323 150.

1571 334 1699 372 Salem
1747 345 1828 372 non
1847 345 1922 385 cog

1568 388 1711 427 nouisti
1730 400 1830 438 quae
1849 388 1950 427 facta

1571 448 1660 480 sunt
1679 442 1719 479 in
1738 442 1802 480 illa
1822 443 1862 480 in
1882 442 1941 480 his
1961 442 2021 480 die

1570 497 1643 534 bus
1698 496 1726 517 ¹⁹
1734 496 1783 534 ad
1802 496 1864 534 ille
1880 496 1973 534 dixit
1991 507 2067 546 que

1570 551 1621 588 Et
1639 549 1691 588 illi
1712 550 1888 588 dixerunt
1907 550 1954 588 de
1974 550 2040 588 ihu

1569 616 1759 642 nazaraeo
1793 604 1885 655 quid
1905 603 1974 642 fuit

1570 658 1761 709 propheta
1780 659 1838 696 uir
1857 664 1996 708 potens

1570 713 1610 751 in
1630 725 1747 763 opere
1767 719 1805 751 et
1823 724 2002 751 sermone

1571 778 1705 806 coram
1723 766 1777 806 do
1796 773 1834 805 et
1853 766 1960 805 omni
1978 765 2042 816 ple

1570 821 1641 859 bae
1661 820 1898 872 ²⁰quom0do
1917 820 2021 859 hunc

1571 875 1805 913 tradiderunt
1823 875 1946 925 princi

1573 930 1631 979 pis
1651 929 1895 967 sacerdotum
1915 929 1955 967 in

1572 983 1862 1022 damnationem
1883 995 1969 1021 mor

1571 1037 1618 1076 tis
1638 1043 1675 1075 et
1694 1037 1800 1076 cruci
1819 1037 1987 1075 fixerunt

1573 1103 1662 1129 eum

1570 1144 1598 1167 ²¹
1606 1145 1691 1184 Nos
1710 1151 1839 1184 autem
1860 1157 2057 1195 speramus

1571 1200 1662 1250 quia
1681 1199 1761 1250 ipse
1782 1200 1916 1250 incipit
1936 1199 2013 1238 libe

1572 1266 1654 1292 rare
1674 1253 1828 1292 istrahel
1894 1260 1933 1291 et

1571 1320 1675 1346 nunc
1693 1308 1802 1346 tertia
1821 1307 1903 1346 dies
1924 1307 1976 1345 ho

1572 1362 1634 1400 die
1654 1369 1695 1400 ut
1715 1362 1809 1400 haec
1828 1361 1928 1399 facta
1948 1366 2020 1399 su·-

1571 1416 1641 1454 ²²et
1661 1416 1720 1454 his
1739 1416 1922 1454 omnibus
1941 1415 2057 1453 mulie

1571 1482 1632 1508 res
1652 1470 1820 1521 quedam
1840 1482 1888 1508 ex
1908 1481 1979 1508 nos

1570 1525 1635 1563 tris
1656 1530 1870 1562 terruerunt
1889 1535 1963 1561 nos

1571 1591 1669 1629 quae
1689 1584 1777 1617 ante
1797 1578 1922 1616 lucem
1943 1577 2005 1616 fue

1573 1666 1680 1704 Runt
1699 1664 1750 1703 ad
1768 1669 1982 1703 monume-

1571 1727 1654 1759 tum
1692 1720 1762 1758 ²⁸et
1782 1732 1862 1758 non
1881 1719 2001 1757 inue'*

1571 1780 1612 1812 to
1633 1786 1796 1824 corpore
1816 1774 1896 1812 eius
1915 1785 1964 1811 ue

1572 1835 1713 1867 nerunt
1733 1828 1903 1867 dicentes

1573 1895 1614 1921 se
1632 1883 1747 1921 etiam
1766 1882 1959 1920 uisionem

1573 1937 1798 1987 angelorum
1818 1936 1959 1974 uidisse

1573 1992 1639 2042 qui
1659 1991 1792 2029 dicunt
1810 2002 1900 2028 eum
1919 1989 1958 2027 ui

1572 2057 1662 2083 uere
1706 2044 1778 2082 ²⁴et
1797 2044 1973 2082 abierunt

1573 2099 1731 2150 quidam
1750 2111 1799 2137 ex
1818 2098 1959 2137 nostris

1574 2153 1623 2191 ad
1643 2159 1940 2191 monumentum

1574 2213 1611 2245 et
1630 2207 1682 2245 ita
1702 2207 1933 2245 inuenerunt

1575 2261 1672 2299 sicut
1690 2261 1870 2299 mulieres
1890 2260 1976 2299 dixe

1573 2321 1662 2353 runt
1683 2315 1810 2365 ipsum
1829 2327 1923 2353 uero
1943 2318 2025 2352 no*

1574 2369 1748 2407 uiderunt

1574 2423 1658 2460 2⁵Et
1677 2423 1760 2472 ipse
1782 2422 1876 2461 dixit
1895 2421 1944 2460 ad
1963 2421 2048 2460 illos

1577 2476 1626 2516 O·
1647 2476 1750 2515 stulti
1769 2482 1807 2514 et
1827 2476 1924 2514 tardi
1945 2488 2014 2515 cor

1575 2530 1623 2569 de
1644 2530 1694 2568 ad
1713 2530 1945 2569 credendum

1574 2585 1615 2622 in
1634 2585 1817 2623 omnibus
1836 2596 1911 2634 que
1931 2584 1969 2623 lo

1575 2639 1653 2677 cuti
1673 2646 1760 2677 sunt
1779 2638 1990 2689 prophetae

1575 2693 1739 2731 ²⁶nonne
1758 2693 1854 2731 haec
1874 2705 1973 2742 opor

1575 2747 1645 2785 tuit
1663 2751 1759 2797 xpm
1779 2747 1858 2797 pati
1895 2754 1932 2785 et
1950 2746 1991 2785 in

1575 2808 1671 2840 trare
1690 2802 1731 2839 in
1748 2801 1912 2852 gloriam

1575 2867 1684 2894 suam

2104 335 2182 375 Sen
2201 342 2239 374 et
2258 337 2439 376 omnibus

2102 390 2297 440 prophetis
2317 391 2465 441 interpe

2102 451 2207 483 trans
2225 444 2299 483 illis
2319 445 2358 482 in
2378 445 2485 483 omni

2101 498 2174 536 bus
2194 499 2388 549 scripturis
2407 511 2507 550 quae

2101 551 2149 589 de
2167 552 2253 602 ipso
2272 560 2380 591 erant

2101 604 2186 644 ²⁸Et
2204 605 2527 656 adpropiauerunt

2104 658 2155 697 ad
2174 660 2372 699 castellum
2391 673 2470 711 quo

2103 714 2211 751 ibant
2230 720 2267 751 et
2286 714 2367 764 ipse
2388 714 2497 753 finxit

2103 779 2144 806 se
2164 767 2317 818 longius
2335 768 2413 807 irae

2103 821 2131 843 ²⁹
2138 821 2189 859 Et
2208 828 2417 872 coegerunt
2434 821 2540 861 illum

2103 875 2275 914 dicentes
2293 882 2448 914 manete

2103 930 2306 968 nobiscum
2326 930 2499 980 quonia*

2102 983 2153 1021 ad
2171 995 2376 1034 uesperum
2394 984 2473 1023 iam

2102 1038 2180 1075 iam
2200 1037 2403 1076 declinauit
2422 1037 2504 1076 dies

2102 1091 2154 1130 Et
2172 1092 2328 1130 intrauit
2348 1104 2438 1131 cum
2457 1092 2530 1131 illis

2104 1146 2191 1184 ³0Et
2208 1146 2352 1184 factum
2370 1153 2428 1185 est
2446 1158 2537 1185 cum

2104 1200 2289 1239 recumbit
2308 1213 2398 1238 curn
2419 1200 2474 1239 eis

2105 1255 2252 1304 accepit
2270 1266 2412 1304 panem
2431 1261 2469 1293 et

2105 1308 2299 1347 benedixit
2319 1314 2357 1346 et
2377 1308 2489 1358 fregit

2104 1371 2142 1400 et
2162 1362 2382 1412 porrigebat
2400 1363 2472 1400 illis

2104 1416 2175 1454 ³¹et
2194 1416 2315 1466 aperti
2334 1422 2424 1454 sunt
2443 1416 2545 1455 oculi

2104 1482 2239 1508 eorum
2289 1476 2326 1508 et
2344 1482 2475 1519 cogno

2103 1530 2241 1562 uerunt
2260 1535 2349 1562 eum
2369 1524 2451 1574 ipse
2471 1535 2521 1562 au

2105 1584 2183 1616 tem
2202 1590 2394 1628 nusquam
2413 1589 2490 1616 con

2105 1664 2235 1704 Paruit
2253 1666 2302 1704 ab
2321 1665 2376 1703 eis

2104 1719 2133 1741 ⁸²
2141 1719 2191 1757 Et
2211 1719 2390 1757 dixerunt
2409 1718 2459 1757 ad
2478 1718 2557 1757 inui

2106 1786 2192 1812 cem
2212 1786 2343 1812 nonne
2364 1786 2431 1812 cor
2448 1785 2518 1811 ues

2105 1834 2207 1866 trum
2227 1834 2307 1866 erat
2325 1827 2365 1864 in
2384 1828 2498 1866 nobis

2105 1882 2244 1920 ardens
2263 1882 2303 1919 in
2323 1881 2427 1919 uiam
2447 1893 2539 1920 cum

2106 1936 2270 1986 aperiret
2289 1936 2402 1974 nobis
2422 1936 2524 1974 scrib

2106 1997 2211 2028 turas

2106 2044 2193 2082 ³³Et
2211 2049 2456 2082 surrexerunt
2475 2043 2560 2093 ipsa

2105 2098 2202 2138 hora
2218 2104 2257 2136 et
2276 2097 2422 2148 egressi
2442 2103 2515 2135 su-

2106 2153 2147 2190 in
2167 2152 2397 2190 hierusalem
2417 2157 2455 2189 et

2105 2207 2337 2245 inuenerunt
2356 2217 2432 2244 con

2105 2266 2284 2310 gregatos
2302 2259 2388 2297 illos
2407 2271 2460 2297 un

2107 2314 2232 2352 decim
2270 2319 2307 2351 et
2326 2325 2393 2351 eos
2413 2312 2477 2362 qui

2107 2379 2197 2406 cum
2217 2367 2300 2405 illos
2319 2373 2428 2405 erant
2445 2366 2521 2404 “di

2107 2429 2236 2460 centes
2273 2421 2379 2472 quod
2396 2433 2486 2459 uere

2107 2475 2269 2514 surrexit
2292 2488 2315 2514 a
2337 2475 2497 2513 mortuis

2107 2529 2194 2567 dms
2214 2536 2252 2568 et
2271 2529 2376 2568 uisus
2395 2536 2452 2567 est
2471 2541 2494 2567 a
2512 2528 2545 2567 si

2106 2595 2265 2622 monem
2301 2584 2373 2622 ³⁶et
2391 2583 2465 2633 ipsi
2483 2595 2553 2622 nar

2106 2639 2244 2676 rabant
2263 2650 2363 2688 quae
2381 2643 2491 2688 gesta

2106 2699 2215 2730 erant
2235 2692 2274 2730 in
2295 2692 2358 2730 uia
2387 2697 2425 2729 et
2444 2702 2523 2740 quo

2106 2746 2226 2785 modo
2243 2749 2495 2795 cognoueru‘

2106 2812 2195 2838 eum
2215 2800 2255 2836 in
2272 2798 2498 2837 fractionem

2108 2865 2221 2904 panis

1573 2909 1659 2949 ”Et
1669 2915 1749 2948 erat
1760 2908 2074 2960 incipiensamoy
2105 2906 2246 2946 ”Dum
2266 2904 2362 2945 haec
2380 2911 2508 2944 autem
2528 2904 2567 2944 lo
