2866 3346
266 214 550 269 xxvn.20-58.]
607 213 1026 254 EUANGELIUM
1056 214 1167 253 SEC

264 307 346 337 12'01.
366 308 421 339 37.

265 350 295 371 ²⁰
309 348 496 398 Principis
512 354 641 386 autem
658 359 767 385 sacer

266 403 401 442 dotum
422 409 460 440 et
480 403 652 441 seniores

266 464 537 508 persuaserunt
556 456 704 506 populo

266 519 307 550 ut
327 518 475 562 peteret
494 512 707 549 barabbam

266 567 348 604 ihm
368 578 460 604 uero
482 566 687 615 perderent

266 620 294 643 ²¹
307 620 567 670 Respondens
587 626 715 658 autem

266 687 396 725 preses
416 675 467 712 ait
487 675 558 712 illis
579 686 694 724 quem

267 729 380 767 uultis
401 729 514 767 uobis
535 728 583 767 de
605 729 758 766 duobus

267 783 459 821 dimittam
570 783 619 821 ad
638 783 688 820 illi
710 782 748 820 di

268 845 406 876 xerunt
426 837 642 875 barabbam

266 892 296 915 ²²
310 891 415 930 Dicit
435 892 486 929 illi
507 892 645 941 pilatus
660 891 753 942 quid

268 959 362 996 ergo
382 946 569 984 faciemus
590 946 669 983 ihm

268 1002 333 1050 qui
354 1001 491 1039 dicitur
510 1004 584 1050 xps

267 1055 416 1093 Dicunt
436 1067 572 1093 omnes
592 1054 696 1093 cruci

270 1109 409 1158 figatur
659 1106 766 1160 [eni-

266 1164 296 1185 ²³
308 1164 373 1201 Ait
397 1162 466 1200 illis
486 1174 616 1212 preses
637 1162 729 1212 quid

267 1218 367 1255 male
388 1216 476 1255 fecit
576 1216 625 1254 ad
641 1217 692 1253 illi
704 1227 770 1254 ma

268 1273 329 1322 gis
349 1271 570 1310 clamabant
590 1271 722 1309 dicens

268 1326 372 1364 cruci
393 1326 532 1375 figatur

266 1381 296 1402 ²⁴
309 1380 455 1418 Uidens
477 1386 605 1418 autem
629 1378 769 1428 pilatus

265 1435 357 1485 quia
378 1434 472 1472 nihil
491 1433 652 1485 profecit

267 1490 336 1528 sed
357 1489 480 1539 magis
501 1488 708 1527 tumultum

267 1543 349 1581 fieri
406 1550 564 1593 accepta
583 1555 685 1592 aqua

268 1598 360 1636 lauit
378 1610 518 1636 manus
539 1609 627 1636 suas
648 1602 769 1635 cora-

269 1684 423 1734 Populo
445 1683 578 1722 dicens
598 1684 694 1721 inno

268 1751 363 1777 cens
382 1751 456 1787 ego
478 1750 565 1776 sum
585 1750 607 1775 a
628 1750 698 1775 san

268 1793 385 1842 guine
405 1793 518 1830 huius
538 1804 610 1831 uos
630 1793 668 1830 ui

268 1847 398 1884 deritis

267 1901 295 1921 ²⁵
307 1901 356 1939 Et
377 1900 618 1950 respondens
638 1901 704 1938 uni

269 1967 382 1993 uersa
402 1956 514 1993 turba
528 1955 621 1993 dixit
642 1963 714 1993 sa*

267 2010 353 2059 guis
374 2010 455 2048 eius
476 2021 591 2059 super
609 2022 682 2047 nos

269 2071 307 2102 et
328 2076 442 2114 super
461 2064 559 2102 filios
579 2071 732 2102 nostros

266 2116 295 2139 ²⁶
309 2118 424 2156 Tune
438 2118 579 2156 dimisit
591 2118 662 2156 illis
677 2119 770 2156 bara

267 2174 358 2211 barn
377 2173 456 2210 ihm
473 2184 566 2211 uero
587 2173 701 2223 flagel

267 2227 313 2265 lis
333 2239 492 2266 caesum
512 2227 664 2265 tradidit

268 2282 324 2320 eis
344 2288 385 2320 ut
404 2282 509 2320 cruci
528 2294 618 2319 eum
639 2282 664 2319 fi

268 2342 402 2385 gerent

269 2389 297 2411 2⁷
310 2390 424 2428 Tunc
443 2389 571 2428 militis
591 2390 752 2440 presidis

269 2450 520 2493 susceperunt
540 2444 620 2482 ihm
641 2446 680 2481 in

269 2498 437 2548 pretorio
457 2504 494 2536 et
514 2510 659 2548 congre

269 2558 461 2601 gauerunt
480 2552 530 2589 ad
550 2565 639 2589 eum

270 2606 451 2643 uniuersa
470 2605 657 2644 cohorte*

269 2659 297 2681 ²⁸
313 2666 350 2698 et
370 2659 576 2697 induerunt
596 2672 686 2697 eum

270 2715 441 2752 tunicam
462 2720 683 2763 purpurea-

270 2775 309 2806 et
329 2767 532 2806 clamidem
554 2768 662 2807 cocci

270 2835 385 2860 neam
404 2822 650 2860 circumdede

269 2883 356 2914 runt
371 2877 406 2914 ei
494 2876 522 2898 ²⁹
537 2883 575 2915 et
595 2883 773 2916 corona-

270 2930 319 2968 de
340 2930 460 2980 spinis
474 2937 688 2981 posuerunt

804 345 929 397 Super
948 353 1063 396 caput
1084 346 1164 385 eius

803 408 839 439 et
860 401 1088 439 arundinem
1109 401 1148 438 in

803 455 1002 494 dexteram
1021 456 1102 494 eius
1122 462 1159 493 et

803 510 1117 560 adgeniculantes

803 576 843 602 se
863 571 950 602 ante
966 577 1055 602 eum
1076 564 1162 602 delu

803 619 947 657 debant
967 631 1055 656 eum
1073 619 1187 656 dicen

803 679 860 711 tes
879 673 978 711 haue
994 686 1060 711 rex
1077 673 1194 710 iudeo

803 739 888 765 rum
943 727 973 748 ⁸⁰
985 734 1022 765 et
1042 733 1257 777 expuentes

802 781 841 819 in
865 794 954 819 eum
974 781 1209 831 adceperunt

804 836 1033 874 arundinem
1054 843 1089 874 et
1109 848 1178 886 per

805 890 1005 929 cutiebant
1026 897 1143 940 caput
1163 890 1244 928 eius

804 944 831 965 ³¹
845 945 896 982 Et
915 957 1107 995 posquam
1128 945 1250 982 inluse

806 1005 894 1037 runt
914 1011 1004 1037 eum
1026 1005 1215 1037 exuerunt

804 1065 894 1091 eum
915 1053 1119 1092 clamidem
1139 1060 1176 1091 et

804 1107 1014 1145 induerunt
1034 1120 1126 1145 eum
1145 1120 1214 1146 ues

804 1162 962 1199 timenta
983 1162 1063 1199 eius
1084 1169 1121 1200 et
1137 1163 1189 1200 du

804 1222 943 1253 xerunt
963 1222 1004 1254 ut
1023 1217 1126 1254 cruci
1147 1216 1220 1265 fige

802 1276 886 1308 rent

802 1323 831 1345 ³²
842 1324 1040 1362 Exeuntes
1060 1330 1189 1362 autem
1210 1324 1249 1361 in

803 1385 994 1417 uenerunt
1011 1378 1202 1416 homine-

804 1434 1002 1483 cyrineum
1022 1433 1164 1471 uenien

807 1494 887 1526 tem
908 1487 1064 1526 obuiam
1086 1488 1158 1526 sibi
1182 1500 1235 1525 no

803 1542 910 1579 mine
931 1542 1125 1579 simonem
1141 1542 1243 1581 hune

804 1596 1104 1645 angariauerunt
1122 1603 1163 1634 ut

805 1683 980 1722 Tolleret
1001 1696 1156 1722 crucem

803 1739 884 1776 eius

804 1792 833 1814 ⁸³
844 1793 894 1831 Et
909 1799 1098 1831 uenerunt
1114 1793 1154 1830 in
1175 1793 1304 1832 locum

805 1847 870 1897 qui
891 1848 1027 1886 dicitur
1046 1847 1232 1897 golgotha

804 1902 910 1952 quod
930 1909 987 1940 est
1006 1902 1169 1940 caluarie
1190 1902 1228 1941 lo

805 1968 872 1995 cus
893 1956 922 1977 ³⁴
933 1962 970 1994 et
991 1956 1177 1995 dederunt
1197 1958 1232 1995 ei

804 2011 935 2049 bibere
956 2023 1046 2049 cum
1065 2010 1150 2049 felle
1169 2012 1249 2050 mix

805 2071 887 2103 tum
903 2071 940 2103 et
956 2077 1044 2103 cum
1064 2073 1196 2115 gustas

805 2126 863 2157 set
882 2119 1003 2157 noluit
1019 2120 1150 2158 bibere

804 2171 832 2194 ³⁵
846 2173 1044 2225 Posquam
1064 2181 1193 2212 autern
1214 2186 1283 2212 cru

803 2229 837 2266 ci
858 2228 1021 2266 fixerunt
1047 2241 1137 2266 eum
1158 2229 1197 2266 di

804 2283 975 2320 uiserunt
995 2283 1185 2321 uestimen

804 2344 842 2375 ta
861 2337 943 2375 eius
964 2343 1108 2374 sortem
1127 2337 1264 2375 mitte*

805 2399 862 2430 tes
881 2391 909 2412 ³⁶
921 2397 959 2429 et
980 2391 1156 2430 sedentes
1180 2403 1240 2430 ser

805 2446 951 2483 uabant
971 2458 1060 2483 eum

804 2499 832 2521 ⁸⁷
845 2499 895 2537 Et
918 2500 1172 2549 inposuerunt
1188 2513 1305 2550 supra

804 2560 920 2603 caput
938 2555 1019 2592 eius
1035 2566 1192 2592 causam
1212 2556 1294 2593 eius

805 2609 985 2646 scribtam
1004 2608 1065 2646 hic
1086 2615 1142 2646 est
1162 2609 1220 2647 ihs

805 2674 872 2700 rex
894 2662 1120 2700 iudaeorum

805 2715 832 2736 ³⁸
846 2715 962 2753 Tunc
983 2717 1087 2754 cruci
1107 2716 1171 2753 fixi
1192 2722 1280 2754 sunt

805 2781 896 2807 cum
916 2782 964 2807 eo
985 2769 1063 2808 duo
1083 2770 1181 2808 latro

805 2835 874 2861 nes
894 2835 994 2861 unus
1015 2836 1037 2861 a
1053 2824 1195 2862 dextris

805 2884 841 2916 et
861 2877 959 2916 alius
978 2890 1001 2915 a
1021 2878 1182 2917 sinistris

804 2933 832 2953 ⁸⁹
846 2932 1113 2972 Transeuntes
1132 2939 1260 2971 autem

1741 213 1829 252 MA
1842 214 1881 252 T
1878 213 1918 251 T
1910 213 1955 251 E
1958 214 2047 252 HM

1374 304 1455 334 Fol.
1476 305 1535 335 38.

1375 346 1669 385 Blastemabant
1689 358 1780 384 eum

1374 407 1578 439 mouentes
1599 402 1725 451 capita
1741 413 1810 439 sua

1374 455 1404 476 ⁴⁰
1417 462 1453 493 et
1474 456 1645 494 dicentes
1661 468 1710 493 ua
1726 456 1791 505 qui
1808 456 1877 494 des

1373 510 1523 548 truebat
1542 510 1727 559 templum
1749 510 1788 547 di

1374 571 1410 603 et
1430 564 1468 601 in
1490 565 1658 602 triduum
1680 564 1772 602 illud

1374 618 1619 657 reedificabat
1674 619 1705 657 si
1729 619 1829 657 filius

1374 673 1413 711 di
1434 686 1475 711 es
1498 673 1691 712 descende
1712 685 1817 711 nunc

1377 728 1424 765 de
1447 740 1561 766 cruce

1374 781 1401 802 ⁴¹
1417 781 1595 820 Similiter
1614 788 1651 819 et
1672 782 1858 832 principis

1375 837 1618 875 sacerdotum
1640 836 1805 875 delude-

1374 898 1430 929 tes
1451 903 1540 929 cum
1562 891 1697 929 scribis
1718 898 1753 929 et
1773 891 1851 940 pha

1375 946 1482 984 riseis
1502 946 1681 984 dicebant
1702 947 1730 967 ⁴²
1744 946 1838 984 alios

1374 1000 1504 1038 saluus
1522 999 1609 1038 fecit
1629 1013 1669 1038 se
1690 1001 1816 1050 ipsum

1374 1066 1456 1092 non
1472 1061 1598 1104 potest
1615 1054 1766 1092 saluum

1375 1108 1502 1147 facere
1613 1109 1644 1147 si
1665 1122 1732 1147 rex
1752 1109 1843 1148 istra

1375 1163 1435 1201 hel
1457 1169 1514 1201 est
1536 1163 1747 1201 descendat

1375 1229 1478 1255 nunc
1499 1217 1546 1255 de
1567 1230 1680 1255 cruce
1701 1225 1738 1255 et
1759 1231 1820 1256 cre

1374 1271 1499 1309 dimus
1519 1272 1553 1310 ei
1635 1272 1663 1293 ⁴³
1676 1272 1835 1310 confidit

1374 1326 1413 1363 in
1433 1325 1487 1364 do
1569 1325 1702 1364 liberet
1722 1339 1809 1364 eum

1375 1380 1406 1418 si
1427 1380 1493 1417 uul
1514 1392 1604 1418 eum
1626 1381 1718 1419 dixit
1734 1381 1838 1419 enim

1375 1435 1465 1484 quia
1485 1434 1525 1472 di
1546 1435 1643 1473 filius
1665 1442 1753 1473 sunt

1374 1490 1403 1510 ⁴⁴
1412 1489 1586 1539 Idipsum
1596 1496 1724 1528 autem
1734 1497 1771 1528 et
1779 1490 1876 1528 latro

1375 1556 1444 1582 nes
1464 1544 1529 1594 qui
1550 1545 1653 1582 cruci
1674 1545 1698 1582 fi
1719 1551 1828 1582 erant

1375 1610 1465 1636 cum
1485 1610 1532 1637 eo
1551 1598 1855 1649 inproperabant

1375 1686 1423 1723 Ei

1375 1740 1468 1778 ⁴⁵Ab
1489 1740 1584 1779 hora
1604 1748 1734 1779 autem
1755 1747 1863 1780 sexta

1374 1796 1557 1833 tenebrae
1578 1795 1676 1834 facte
1697 1803 1786 1834 sunt

1375 1862 1490 1899 super
1508 1850 1730 1888 uniuersam

1375 1911 1516 1942 terram
1535 1916 1659 1954 usque
1674 1905 1714 1942 in

1375 1958 1512 1996 horam
1532 1971 1680 1997 nonam

1375 2014 1402 2034 ⁴⁶
1417 2011 1531 2051 Circa
1551 2012 1686 2051 horam
1707 2020 1836 2052 autem

1376 2079 1522 2105 nonam
1542 2068 1716 2105 exclama

1376 2122 1431 2159 uit
1450 2121 1509 2159 ihs
1528 2134 1628 2159 uoce
1643 2134 1788 2172 magna

1375 2176 1506 2214 dicens
1527 2176 1601 2214 heli
1623 2176 1700 2214 heli
1720 2177 1757 2214 la

1376 2242 1440 2268 ma
1461 2231 1641 2280 zapthani
1662 2231 1738 2270 hoe

1373 2292 1431 2323 est
1451 2284 1498 2322 ds
1517 2297 1626 2323 meus
1645 2285 1692 2323 ds
1711 2297 1821 2324 meus

1374 2345 1414 2377 ut
1435 2339 1528 2389 quid
1548 2352 1611 2378 me
1632 2339 1750 2378 dereli

1374 2394 1489 2443 quisti

1374 2449 1403 2470 ⁴⁷
1416 2448 1588 2495 Quidam
1610 2454 1739 2486 autem
1760 2448 1834 2487 illic

1374 2509 1518 2541 stantes
1538 2509 1574 2540 et
1594 2503 1733 2541 audien

1375 2563 1432 2594 tes
1453 2557 1622 2595 dicibant
1643 2557 1782 2595 heliam

1376 2618 1491 2648 uocat
1511 2611 1582 2649 iste

1374 2664 1402 2685 ⁴²³
1415 2665 1466 2702 Et
1485 2665 1669 2703 continuo
1689 2677 1847 2702 currens

1374 2730 1474 2756 unus
1495 2731 1543 2756 ex
1563 2719 1618 2756 eis
1641 2718 1762 2768 adcep

1374 2778 1412 2810 ta
1432 2773 1596 2822 spungia
1616 2773 1776 2821 inpleuit

1374 2833 1485 2864 aceto
1597 2833 1633 2865 et
1652 2826 1821 2877 inposuit

1574 2890 1585 2911 1

1374 2923 1588 2962 harundine
1608 2930 1645 2962 et
1664 2923 1781 2963 dabat

1373 2978 1408 3015 ei
1428 2978 1559 3017 bibere

1307 3052 1373 3078 D2

2364 227 2410 263 19

1914 346 1942 367 ‘²⁹
1955 346 2083 385 Ceteri
2104 358 2197 385 uero
2219 346 2398 384 dixerunt

1913 401 1995 439 sine
2016 401 2218 439 uideamus
2240 401 2270 438 si
2290 413 2337 438 ue

1913 456 1968 493 nit
1988 456 2082 494 elias
2103 462 2141 493 et
2161 454 2338 493 liberauit

1911 522 2002 547 eum

1912 564 1940 585 ⁵⁰
1954 564 2021 602 lhs
2043 571 2171 602 autem
2193 564 2330 603 iterum
2354 564 2413 602 cla

1910 631 2023 657 mans
2044 632 2142 657 uoce
2159 631 2304 668 magna

1911 673 2036 711 emisit
2052 677 2139 722 sprn

1913 727 1939 747 ⁶¹
1952 727 2004 765 Et
2024 741 2115 766 ecce
2132 727 2262 765 uelum
2279 727 2412 778 templi

1913 782 2076 820 scissum
2097 789 2153 820 est
2168 782 2206 819 in
2228 782 2325 820 duas

1913 843 2041 886 partes
2062 849 2084 874 a
2104 848 2259 874 summo
2280 848 2326 873 us

1913 903 1988 941 que
2009 891 2189 929 deorsum
2247 897 2284 929 et
2303 897 2360 928 ter

1911 958 1954 983 ra
1973 952 2079 983 mota
2100 952 2156 984 est
2175 951 2212 983 et
2233 951 2340 995 petre

1912 1000 1979 1038 fise
1993 1006 2082 1038 sunt
2138 1000 2167 1020 ⁶²
2180 1007 2217 1037 et
2237 1012 2358 1038 monu

1911 1061 2044 1092 menta
2064 1054 2259 1104 patefacta

1912 1115 2002 1147 sunt
2058 1115 2095 1147 et
2114 1109 2235 1147 multa
2254 1121 2322 1147 cor

1911 1176 2009 1213 pora
2026 1171 2250 1201 sanctorum

1912 1218 2187 1256 dormientium
2212 1230 2277 1255 sur

1912 1279 2093 1310 rexerunt
2203 1272 2275 1310 ⁵³et
2289 1284 2414 1310 exeun

1913 1326 1960 1364 tis
1976 1326 2024 1364 de
2040 1327 2305 1364 monumentis

1913 1388 2002 1430 post
2022 1381 2302 1419 resurrectione

1914 1436 2033 1485 ipsius
2054 1442 2244 1474 uenerunt
2264 1436 2305 1473 in

1914 1497 2089 1528 sanctam
2111 1490 2306 1528 ciuitatem

1914 1550 1951 1582 et
1971 1544 2099 1582 multis
2119 1550 2382 1594 apparuerunt

1911 1598 1941 1620 ⁶⁴
1955 1598 2141 1638 Centurio
2154 1606 2282 1637 autern
2299 1605 2336 1637 et
2349 1599 2415 1649 qui

1913 1685 2016 1724 Cum
2037 1698 2085 1724 eo
2104 1693 2184 1724 erat
2204 1686 2354 1725 custodi

1913 1747 2020 1780 entes
2039 1741 2119 1778 ihm
2139 1740 2224 1779 uiso
2245 1747 2342 1779 terre

1914 1802 2022 1834 moto
2043 1802 2079 1833 et
2099 1795 2157 1833 his
2178 1807 2254 1845 que
2274 1795 2323 1833 fie

1914 1851 2008 1888 bant
2026 1850 2233 1887 timuerunt
2252 1849 2316 1887 ual

1913 1904 1961 1942 de
1982 1904 2154 1942 dicentes
2174 1915 2265 1942 uere
2285 1903 2325 1941 di
2344 1903 2370 1941 fi

1912 1958 1985 1996 lius
2005 1965 2086 1997 erat
2106 1959 2176 1996 iste

1909 2012 1941 2034 ⁸⁵
1952 2013 2073 2051 Erant
2094 2019 2224 2051 autem
2244 2012 2297 2050 ibi
2321 2012 2416 2050 muli

1912 2080 1995 2106 eres
2015 2067 2158 2105 multae
2179 2080 2202 2105 a
2221 2067 2340 2116 longe

1911 2122 2087 2160 uidentes
2107 2134 2208 2172 quae
2228 2134 2321 2160 secu

1911 2183 1947 2214 te
1968 2184 2076 2214 erant
2096 2176 2176 2214 ihm
2197 2189 2219 2214 a
2244 2176 2410 2226 galilea*

1911 2231 2174 2269 ministrantes
2195 2231 2230 2269 ei
2250 2230 2278 2252 ⁶⁶
2292 2230 2391 2269 inter

1911 2297 2009 2335 quas
2029 2292 2108 2323 erat
2128 2285 2249 2322 maria
2269 2296 2362 2334 mag

1911 2340 2071 2378 dalenae
2090 2346 2127 2377 et
2148 2339 2268 2376 maria
2288 2339 2325 2376 ia

1911 2394 1999 2432 cobi
2020 2401 2056 2432 et
2075 2393 2209 2442 ioseph
2230 2400 2267 2431 et
2287 2405 2351 2430 ma

1910 2455 1968 2486 ter
1987 2448 2154 2486 filiorum
2174 2448 2269 2485 zebe

1910 2502 1971 2540 dei

1911 2555 1938 2577 ⁵⁷
1951 2556 2053 2594 Cum
2075 2567 2160 2593 sero
2180 2561 2311 2592 autem
2332 2554 2391 2593 fac

1910 2617 1991 2648 turn
2013 2616 2114 2647 esset
2130 2610 2236 2647 uenit
2258 2610 2324 2659 qui

1910 2664 2001 2702 dam
2021 2664 2143 2702 homo
2163 2663 2260 2702 diuis
2279 2665 2328 2702 ab
2348 2675 2372 2701 a

1910 2718 2087 2756 rimathia
2170 2718 2329 2756 nomine

1910 2772 2046 2822 ioseph
2104 2773 2170 2823 qui
2190 2779 2228 2810 et
2248 2773 2330 2823 ipse
2351 2771 2410 2810 dis

1910 2827 2059 2876 cipulus
2079 2835 2160 2865 erat
2180 2827 2246 2865 ihu
2307 2827 2334 2849 ⁶⁸
2348 2826 2409 2864 hic

1909 2882 2074 2919 adcessit
2093 2881 2142 2919 ad
2161 2882 2322 2931 pilatum

1909 2942 1946 2975 et
1965 2936 2060 2987 petit
2076 2948 2215 2986 corpus
2234 2936 2301 2973 ihu
