2866 3346
496 227 520 262 4
737 212 783 251 E
784 209 1154 251 UANGELIUM
1183 207 1291 249 SEC

494 301 577 332 1'01.
596 301 629 333 7.

495 343 636 383 Messis
655 354 748 381 uero
766 348 916 380 consu-

493 397 612 436 matio
635 396 778 436 saeculi
797 402 867 434 est·

493 463 688 490 messores
708 456 850 489 autem·

492 505 620 555 angeli
640 510 728 543 sunt

494 558 637 597 ⁴⁰Sicut
657 569 750 608 ergo
771 556 939 607 colligun

492 619 553 651 tur
572 612 718 650 zizania
736 618 775 650 et
794 611 875 661 igni

492 668 756 706 conburuntur
775 665 829 704 sic

491 721 563 759 erit
581 721 621 759 in
639 730 868 759 consumma

493 775 597 813 tione
617 774 759 813 saeculi
779 794 788 803 -
807 771 912 810 ⁴¹mit

491 835 544 868 tet
563 828 663 867 filius
683 827 853 866 hominis

491 883 652 933 angelos
672 893 762 920 suos
781 887 819 920 et
837 881 898 919 col

491 937 612 987 ligent
631 936 679 974 de
698 947 818 986 regno
837 935 918 973 eius

492 991 625 1029 omnia
644 989 827 1028 scandala
848 1009 856 1018 ·
878 995 916 1027 et

492 1056 559 1084 eos
579 1045 645 1094 qui
664 1044 810 1082 faciunt
829 1042 882 1080 ini

491 1099 676 1150 quitatem
694 1098 770 1135 ⁴²et
788 1097 940 1134 mittent

491 1164 558 1191 eos
578 1153 617 1190 in
637 1152 835 1191 caminum
854 1150 895 1200 ig

491 1207 553 1245 nis
570 1206 623 1244 ibi
642 1206 712 1244 erit
731 1205 843 1243 fletus
861 1210 900 1243 et

491 1261 632 1299 stridor
651 1259 823 1297 dentium

491 1315 520 1337 ⁴³
529 1314 644 1352 Tunc
665 1313 865 1363 fulgebunt
884 1311 972 1350 iusti

491 1369 588 1407 sicut
608 1367 665 1406 sol
684 1367 724 1405 in
743 1379 865 1416 regno
885 1379 938 1416 pa

491 1423 558 1461 tris
578 1433 714 1461 eorum
734 1443 742 1451 ·
764 1421 829 1471 qui
848 1420 899 1459 ha

490 1478 556 1515 bet
575 1488 687 1515 aures
706 1474 887 1514 audiendi

491 1530 623 1569 audiat

491 1583 660 1623 “Simile
680 1590 737 1624 est
756 1595 921 1634 regnum

491 1714 699 1754 Caelorum
718 1714 879 1753 thensau

491 1781 536 1808 ro
555 1771 749 1808 absconso
767 1769 807 1806 in
827 1780 924 1818 agro

491 1835 608 1874 quem
628 1835 718 1862 cum
737 1822 884 1861 inuenit

490 1877 610 1917 homo
628 1877 833 1916 abscondit

490 1937 528 1970 et
546 1943 641 1982 prae
660 1931 803 1981 gaudio
822 1930 922 1970 illius

490 2028 598 2067 uadit
617 2034 654 2067 et
672 2029 781 2066 uenit
799 2028 867 2066 uni

490 2095 602 2122 uersa
621 2094 721 2133 quae
741 2082 857 2120 habet

491 2143 530 2175 et
548 2144 650 2175 emet
668 2147 806 2187 agrum
825 2135 920 2174 illu·-

490 2191 671 2229 ⁴⁶Iterum
690 2190 813 2229 simile
831 2196 891 2228 est

490 2257 655 2295 regnum
674 2244 856 2283 caeloru-

491 2298 639 2338 homini
658 2298 843 2348 negotian

456 2378 459 2381 -
490 2353 518 2391 ti
536 2353 735 2404 quaerenti
754 2353 888 2391 bona*

490 2407 737 2457 margaritam
757 2427 767 2437 ·
788 2406 944 2444 “inue-

490 2467 531 2499 ta
548 2468 676 2500 autem
696 2460 890 2511 praetiosa

490 2515 698 2565 margarita
718 2536 727 2545 ·
749 2514 841 2553 abiit

490 2574 529 2606 et
548 2568 721 2607 uendidit
740 2580 841 2619 quae

491 2633 582 2660 cum
600 2621 734 2661 habuit
753 2628 791 2662 et
810 2622 905 2662 emit

491 2687 580 2714 eam

490 2728 672 2767 “Iterum
691 2729 813 2768 simile
833 2736 890 2768 est
909 2741 979 2780 reg

491 2794 586 2821 num
603 2781 798 2821 caelorum

491 2837 562 2876 reti
581 2837 701 2875 misso
721 2836 759 2874 in
779 2848 884 2874 mare

491 2890 596 2943 quod
618 2902 666 2929 ex
686 2891 792 2929 omni
812 2902 911 2940 gene

491 2957 533 2984 re
552 2944 717 2995 piscium
735 2943 833 2983 colle

491 2999 546 3050 git
564 2998 691 3038 “cum
711 3004 840 3038 autem
859 3003 959 3037 esset

1029 339 1240 391 Impletum
1260 338 1386 378 eduxe

1029 400 1118 433 runt
1137 393 1177 432 id
1195 393 1246 432 ad
1264 393 1352 432 litus
1372 398 1410 432 et
1428 404 1469 432 se

1028 448 1164 487 dentes
1183 447 1380 498 elegerunt

1028 502 1196 552 optimos
1215 501 1254 539 in
1274 501 1374 540 uasis
1394 500 1473 539 suis

1028 556 1154 595 malos
1172 562 1301 594 autem
1319 555 1452 606 proice

1028 616 1117 648 runt
1136 610 1236 649 foras

1027 663 1128 703 ⁴⁹Sic
1147 664 1217 702 erit
1235 663 1275 701 in
1300 673 1530 701 consumma

1027 718 1133 757 tione
1153 717 1388 756 saecumatio

1027 784 1078 811 ne
1098 772 1217 810 seculi
1235 771 1397 809 exibunt

1028 826 1156 876 angeli
1176 832 1213 864 et
1233 825 1465 875 separabunt

1027 880 1153 918 malos
1173 879 1221 918 de
1242 878 1370 917 medio
1392 879 1451 916 ius

1028 941 1158 972 torum
1177 934 1250 971 ⁵⁰et
1268 932 1418 970 mittent
1436 943 1504 970 eos

1028 988 1068 1026 in
1088 988 1285 1026 caminum
1304 986 1404 1036 ignis

1028 1042 1082 1080 ibi
1105 1042 1173 1080 erit
1194 1041 1304 1079 fletus
1323 1046 1360 1078 et
1380 1039 1446 1078 stri

1029 1095 1100 1134 dor
1119 1095 1294 1133 dentium

1028 1148 1307 1188 ⁶¹Intellexistis
1327 1147 1422 1186 haec
1442 1159 1508 1186 om

1028 1204 1094 1241 nia
1112 1203 1246 1241 dicunt
1265 1203 1299 1241 ei
1319 1202 1450 1252 utique

1029 1258 1129 1294 ΧΠ52
1148 1257 1207 1295 Et
1222 1258 1279 1295 ait
1290 1257 1369 1294 illis
1384 1256 1458 1293 ideo
1473 1267 1529 1294 om

1027 1312 1088 1350 nis
1108 1312 1232 1350 scriba
1251 1311 1388 1349 doctus
1408 1310 1448 1347 in

1028 1378 1150 1416 regno
1170 1365 1366 1404 caelorum
1385 1364 1418 1402 si

1028 1420 1127 1458 milis
1147 1425 1204 1458 est
1223 1418 1370 1458 homini
1389 1429 1440 1468 pa

1027 1473 1237 1512 trifamilias
1256 1473 1322 1523 qui
1342 1484 1413 1522 pro

1028 1527 1101 1566 fert
1121 1527 1169 1566 de
1190 1527 1398 1565 thensauro

1030 1594 1101 1621 suo
1120 1594 1223 1621 noua
1242 1587 1279 1620 et
1297 1587 1429 1619 uetera

1029 1712 1115 1751 ⁵³Et
1133 1712 1278 1751 factum
1297 1716 1353 1750 est
1372 1722 1461 1749 curn

1028 1772 1337 1806 consummasset
1357 1765 1416 1804 ihs

1028 1821 1232 1872 parabolas
1251 1821 1342 1858 istas
1362 1826 1447 1857 tran

1029 1876 1089 1914 siit
1107 1875 1198 1913 inde
1244 1874 1318 1912 ⁶⁴et
1336 1874 1497 1912 ueniens

1028 1929 1069 1967 in
1088 1929 1252 1980 patriam
1272 1940 1383 1967 suam
1403 1927 1455 1966 do

1028 1984 1140 2023 cebat
1159 1995 1226 2022 eos
1246 1983 1286 2020 in
1305 1981 1513 2032 synagogis

1029 2049 1163 2076 eorum
1182 2038 1235 2075 ita
1253 2043 1294 2074 ut
1314 2036 1481 2074 mirare-

1028 2098 1089 2130 tur
1109 2098 1146 2130 et
1165 2091 1334 2130 dicerent
1352 2089 1457 2128 unde

1028 2145 1118 2184 huic
1138 2145 1326 2194 sapientia
1343 2150 1380 2182 et
1399 2144 1458 2181 uir

1027 2205 1127 2238 tutes
1147 2199 1312 2237 ⁶⁶n0nne
1331 2197 1392 2236 hic
1413 2203 1470 2236 est
1489 2196 1516 2234 fi

1027 2253 1099 2291 lius
1118 2252 1251 2302 ioseph
1272 2251 1369 2290 fabri
1389 2263 1469 2289 non

1026 2319 1076 2346 ne
1096 2313 1217 2345 mater
1237 2306 1319 2344 eius
1337 2305 1475 2344 dicitur

1025 2361 1146 2399 maria
1163 2367 1201 2399 et
1220 2360 1356 2398 fratres
1375 2359 1458 2398 eius

1025 2415 1186 2454 iacobus
1205 2420 1243 2452 et
1261 2412 1398 2463 ioseph
1417 2419 1455 2452 et
1474 2412 1514 2451 iu

1026 2468 1097 2508 das
1116 2474 1154 2508 et
1173 2468 1300 2507 simon
1318 2467 1391 2505 ‘⁵⁶et
1411 2478 1501 2505 soro

1026 2535 1088 2562 res
1106 2522 1187 2562 eius
1207 2533 1336 2561 nonne
1355 2533 1493 2560 omnes

1026 2583 1119 2628 aput
1138 2588 1210 2615 nos
1230 2581 1320 2615 sunt
1425 2574 1528 2613 unde

1027 2643 1121 2682 ergo
1142 2630 1230 2669 huic
1250 2629 1383 2669 omnia
1401 2629 1472 2668 ista

1026 2685 1100 2724 ⁶⁷et
1120 2684 1478 2724 scandalizabantur

1027 2739 1068 2777 in
1086 2751 1135 2778 eo

1027 2792 1094 2831 Ihs
1113 2802 1242 2831 autem
1258 2791 1353 2830 dixit
1371 2791 1427 2831 eis
1446 2803 1528 2830 non

1027 2853 1084 2885 est
1103 2846 1250 2897 profeta
1270 2847 1352 2885 sine
1371 2845 1479 2884 hono

1026 2912 1066 2939 re
1085 2901 1157 2938 nisi
1177 2900 1216 2938 in
1235 2900 1359 2950 patria
1378 2911 1447 2939 sua
1466 2905 1503 2938 et

1025 2953 1067 2992 in
1087 2953 1207 2993 domo
1227 2965 1296 2993 sua

1924 207 2015 246 MA
2027 207 2066 246 T
2063 207 2232 248 TEUM
2283 207 2386 262 [xm.
2407 224 2553 260 39-xrv.
2575 225 2631 251 πο.

1598 296 1680 326 1¹01.
1696 297 1731 326 8.

1597 338 1682 376 ⁶⁸Et
1700 337 1788 376 ideo
1808 349 1888 376 non
1909 337 1997 376 fecit
2014 337 2067 375 ibi

1597 392 1756 431 uirtutes
1776 392 1915 430 multas
1935 403 2033 442 prop

1597 452 1653 485 ter
1671 445 1976 484 incredulitatem

1597 500 1751 538 illorum

1599 553 1654 593 14¹
1674 553 1722 592 In
1745 553 1810 592 illo
1835 559 2010 603 tempore
2033 564 2099 590 au-

1599 607 1764 647 herodes
1783 607 1974 646 tetrarcha
2012 604 2099 660 [diit

1597 663 1743 701 samam
1762 661 1828 699 ihu
1847 661 1906 699 ²et
1926 661 1977 699 ait
1996 672 2073 710 pue

1953 724 1974 745 a

1598 760 1650 798 ris
1669 759 1747 798 suis
1766 758 1829 797 hic
1848 763 1906 797 est
1925 757 2051 796 iodnis

1598 814 1762 864 baptista
1780 813 1863 863 ipse
1883 812 2044 851 surrexit

1598 881 1621 906 a
1641 867 1801 906 mortuis
1820 873 1857 905 et
1875 866 1963 904 ideo
1984 866 2042 904 uir

1598 928 1698 960 tutes
1717 926 1927 970 operantur
1945 919 1985 957 in
2004 932 2052 958 eo

1598 975 1799 1014 “Herodes
1818 974 1921 1012 enim
1940 974 2061 1012 tenuit

1598 1029 1807 1068 iohannem
1826 1035 1864 1067 et
1883 1028 1999 1077 alliga

1597 1084 1651 1122 uit
1670 1095 1760 1122 eum
1780 1089 1818 1121 et
1837 1082 1938 1120 misit
1953 1081 1994 1120 in

1598 1149 1790 1177 carcerem
1810 1142 1967 1187 propter

1597 1190 1845 1230 herodiadem
1863 1196 2010 1228 uxore-

1597 1245 1721 1284 fratris
1741 1245 1799 1283 sui
1819 1243 1953 1295 pilippi
1970 1243 2030 1281 4di

1598 1300 1710 1338 cebat
1728 1299 1833 1338 enim
1853 1297 1904 1336 illi
1927 1297 2017 1336 ioad

1598 1365 1668 1392 nes
1688 1365 1770 1392 non
1789 1353 1876 1391 licet
1895 1351 1963 1390 tibi
1982 1351 2032 1389 ha

1599 1409 1689 1446 bere
1709 1419 1796 1446 eam
1914 1406 1972 1443 ⁵et
1990 1404 2099 1444 uoles

1600 1462 1707 1500 illum
1726 1461 1835 1499 illum
1854 1459 1989 1499 occide

1599 1528 1639 1554 re
1659 1515 1784 1553 timuit
1803 1514 1992 1564 populum

1599 1570 1691 1620 quia
1710 1569 1807 1607 sicut
1826 1567 1975 1618 profeta
1993 1566 2044 1606 ha

1598 1624 1743 1662 bebant
1761 1634 1853 1661 eum

1598 1710 1693 1749 ⁶Die
1713 1716 1842 1748 autem
1862 1707 2000 1747 natalis

1598 1764 1750 1803 herodis
1770 1763 1920 1802 saltauit
1940 1763 1966 1801 fi

1598 1819 1649 1857 lia
1667 1818 1884 1857 herodiadis
1905 1818 1943 1854 in
1962 1829 2026 1855 me

1598 1873 1663 1911 dio
1683 1872 1847 1911 triclinio
1866 1878 1903 1910 et
1921 1871 1985 1921 pla

1597 1927 1674 1966 cuit
1691 1925 1826 1965 herodi
1935 1923 2060 1963 '‘unde

1597 1992 1689 2020 cum
1707 1981 1925 2018 iuramento

1597 2035 1787 2086 pollicitus
1807 2039 1865 2071 est
1883 2033 1918 2071 ei
1938 2031 1989 2070 da

1597 2101 1637 2127 re
1656 2088 1929 2138 quodcumque

1598 2142 1827 2193 postulasset
1846 2142 1896 2179 ab
1914 2152 1962 2179 eo
1982 2139 2052 2178 ⁸ad

1596 2197 1661 2236 illa
1679 2195 1897 2246 premonita
1915 2207 1938 2233 a
1957 2206 2022 2233 ma

1597 2257 1653 2289 tre
1673 2263 1743 2289 sua
1761 2249 1856 2287 dixit
1875 2248 1924 2287 da
1943 2249 1997 2286 mi

1597 2304 1636 2342 hi
1655 2305 1695 2342 in
1715 2304 1823 2342 disco
1843 2308 1959 2352 caput
1979 2303 2017 2341 io

1596 2358 1735 2397 bannis
1755 2357 1918 2407 baptiste

1597 2412 1666 2451 ⁹Et
1685 2412 1929 2451 contristatus
1947 2415 2005 2448 est

1596 2478 1663 2505 rex
1683 2465 1847 2504 herodes
1866 2476 1965 2514 prop

1595 2526 1651 2559 ter
1669 2520 1926 2558 iuramentum

1595 2581 1633 2613 et
1651 2579 1805 2624 propter
1825 2571 1938 2611 simul
1956 2583 1996 2610 re

1596 2629 1808 2668 cunbentes
1827 2626 1935 2665 iussit

1900 2683 1934 2711 et

1597 2725 1679 2765 dari
1697 2724 1909 2774 ¹⁰misitque
1928 2722 2042 2762 decol

1596 2780 1688 2819 lauit
1706 2791 1795 2818 eum
1814 2778 1884 2816 ¹¹et
1903 2777 1989 2816 adla

1597 2841 1680 2873 tum
1700 2840 1758 2872 est
1778 2838 1896 2882 caput
1913 2831 1996 2870 eius

1597 2888 1637 2926 in
1657 2887 1766 2926 disco
1785 2893 1823 2925 et
1842 2886 1976 2924 datum

1597 2948 1656 2980 est
1676 2939 1826 2991 puellae
1845 2938 1972 2989 puella

1598 3001 1726 3034 autem
1746 2993 1880 3033 adtulit
1899 3003 1963 3032 ma

2132 338 2204 377 Tri
2224 351 2317 379 suae

2131 392 2216 432 1'Et
2235 401 2480 433 accesserunt
2499 395 2595 434 disci

2131 447 2213 497 puli
2231 448 2312 487 eius
2332 455 2369 487 et
2388 449 2556 487 tulerunt

2133 512 2272 550 corpus
2291 508 2328 540 et
2347 503 2578 552 sepelierunt

2133 560 2171 593 et
2189 555 2282 593 illud
2300 562 2339 594 et
2358 564 2547 595 uenerunt
2565 563 2603 596 et

2133 609 2446 648 renuntiauerunt
2464 611 2531 648 ihu

2133 661 2161 683 ¹³
2168 662 2286 709 Quod
2295 663 2425 702 audito
2434 664 2492 702 ihs
2505 676 2632 703 secess

2133 716 2162 754 it
2181 716 2269 754 inde
2289 716 2329 754 in
2348 718 2552 756 nauicula*

2133 776 2170 808 et
2189 770 2229 808 in
2248 770 2378 809 locum
2398 771 2578 810 desertu‘

2132 836 2305 863 seorsum

2130 878 2179 916 Et
2199 890 2289 916 cum
2309 878 2504 916 audissent
2524 885 2584 917 tur

2131 933 2204 970 bae
2224 938 2354 974 secute
2374 938 2462 970 sunt
2482 940 2560 970 eu-

2131 986 2332 1035 pedestrae
2353 986 2401 1024 de
2420 986 2537 1024 ciuita

2131 1040 2231 1078 tibus
2251 1039 2322 1078 ¹⁴et
2339 1046 2381 1078 ut
2400 1040 2497 1078 uidit
2516 1046 2575 1078 tur

2131 1094 2181 1132 ba
2199 1094 2320 1132 multa
2338 1094 2515 1132 misertus

2131 1154 2188 1186 est
2208 1148 2279 1186 illis
2298 1154 2336 1186 et
2357 1148 2504 1187 curauit
2522 1148 2563 1186 in

2131 1202 2264 1240 firmos
2283 1213 2418 1240 eorum

2133 1254 2248 1293 ΜΠ15
2269 1255 2422 1305 Uespere
2435 1259 2553 1293 autem
2552 1256 2631 1305 fac

2131 1316 2172 1348 to
2190 1309 2438 1348 adcesserunt
2456 1309 2506 1347 ad

2131 1375 2222 1402 eum
2237 1363 2411 1413 discipuli
2430 1363 2512 1401 eius

2133 1417 2304 1456 dicentes
2324 1418 2496 1456 desertus

2131 1471 2239 1510 locus
2258 1477 2316 1510 est
2335 1477 2372 1509 et
2395 1470 2490 1510 hora
2509 1470 2574 1509 ia*

2133 1525 2324 1575 praeteriit
2343 1524 2491 1563 dimitte

2132 1580 2263 1618 turbas
2281 1584 2323 1617 ut
2341 1578 2468 1617 euntis
2487 1578 2527 1617 in

2134 1708 2302 1748 Castella
2321 1714 2453 1748 emant
2472 1709 2542 1748 sibi

2132 1776 2241 1802 escas

2132 1818 2235 1856 ¹⁶1hs
2254 1824 2381 1856 autem
2402 1817 2496 1856 dixit
2516 1829 2598 1856 non

2133 1871 2275 1911 habent
2294 1883 2452 1910 necesse
2471 1871 2524 1909 ire

2132 1925 2219 1964 date
2238 1925 2310 1964 illis
2329 1937 2400 1964 uos
2419 1924 2566 1963 mandu

2132 1991 2218 2018 care

2132 2032 2471 2083 ”Responderunt
2494 2032 2529 2071 ei
2552 2044 2633 2071 non

2131 2086 2319 2125 habemus
2338 2087 2411 2125 nisi
2430 2086 2564 2137 quinq·

2132 2153 2253 2191 panes
2272 2147 2309 2179 et
2329 2141 2428 2179 duos
2448 2141 2574 2190 pisces

2131 2195 2217 2233 ¹⁸Et
2236 2195 2289 2234 ait
2306 2195 2365 2233 ihs
2384 2194 2529 2233 adferte
2547 2206 2615 2233 eos

2132 2249 2181 2287 ad
2201 2261 2264 2287 me

2131 2303 2216 2341 ιοΕῑ
2236 2314 2325 2341 cum
2343 2302 2509 2340 iussitset
2528 2308 2589 2340 tur

2130 2357 2222 2395 bam
2242 2356 2469 2394 discunbere
2489 2367 2533 2394 su

2130 2423 2200 2462 pra
2219 2410 2349 2449 senum
2369 2409 2540 2460 adceptis

2131 2465 2303 2516 quinque
2322 2463 2486 2514 panibus
2504 2470 2541 2502 et

2131 2519 2284 2557 duobus
2303 2518 2474 2568 piscibus
2492 2517 2578 2567 aspi

2131 2573 2238 2612 ciens
2257 2572 2297 2610 in
2315 2571 2465 2611 caelum
2483 2578 2522 2611 et
2541 2572 2590 2610 be

2132 2626 2277 2665 nedixit
2296 2632 2334 2664 et
2351 2625 2461 2675 fregit
2480 2631 2519 2663 et

2132 2680 2237 2719 dedit
2256 2679 2451 2729 discipulis
2470 2679 2548 2716 suis
2567 2690 2619 2728 pa

2132 2746 2203 2772 nes
2311 2732 2488 2781 discipuli
2502 2738 2631 2770 autem

2131 2787 2251 2827 turbis
2272 2786 2343 2824 ²⁰et
2362 2785 2557 2824 manduca

2131 2846 2269 2880 uerunt
2286 2851 2422 2879 omnes
2441 2846 2479 2877 et
2498 2851 2541 2877 sa

2131 2894 2243 2934 turati
2259 2900 2352 2932 sunt
2369 2899 2407 2931 et
2425 2892 2559 2944 reliqui

2132 2960 2175 2988 as
2194 2947 2419 2998 colligerunt
2437 2947 2523 2998 frag

2520 3064 2580 3091 1111
