2866 3346
281 188 384 215 xxw.
407 187 562 225 37—xxv.
585 172 657 228 28.]
715 173 759 212 E
762 172 1133 214 UANGELIUM
1162 174 1275 214 SEC

282 266 364 296 Fol.
382 266 442 296 29.

283 308 372 347 Noe
392 308 443 346 ita
462 307 530 346 erit
550 314 587 345 et
606 307 732 346 aduen

283 370 344 401 tus
364 363 414 400 fili
434 362 603 400 hominis
623 362 755 401 38sicut

282 418 388 455 enim
408 423 486 455 erat
507 417 547 454 in
568 418 703 455 diebus

281 471 350 509 illis
370 477 460 509 ante
480 471 675 509 delubium

281 526 560 564 manducantes
581 532 618 564 et
639 526 762 563 bibe-

282 587 340 619 tes
359 587 397 618 et
416 592 556 618 uxores
576 580 763 618 ducentes

282 646 404 685 usque
426 635 464 672 in
489 647 578 672 eum
600 635 702 672 diem

280 702 359 739 quo
380 689 534 727 intrauit
555 702 628 728 noe
650 690 689 727 in
709 701 751 727 ar

281 756 369 782 cam
389 744 462 782 3⁹et
482 756 562 782 non
583 756 763 794 cognoue

278 805 367 835 runt
387 798 512 837 donee
534 799 638 836 uenit
658 798 737 836 dilu

279 853 385 890 uium
407 859 444 890 et
464 853 544 890 tulit
563 865 701 890 omnes

281 907 333 944 ita
353 908 421 944 erit
441 914 478 945 et
497 908 689 945 aduentus
709 907 734 944 fi

278 961 304 998 Ii
324 961 492 999 hominis

278 1015 427 1054 ⁴⁰Tunc
437 1016 515 1054 cluo
521 1023 630 1055 erunt
638 1016 678 1053 in
685 1019 781 1066 agn-i

278 1082 380 1108 unus
400 1070 624 1108 adsumetur
643 1077 681 1109 et

278 1125 373 1162 alius
393 1125 628 1174 relinquetur

278 1178 392 1217 ⁴²duo
413 1179 452 1215 in
473 1179 574 1217 lecto
594 1192 693 1219 unus
713 1180 763 1219 ad

278 1240 452 1271 sumetur
471 1240 508 1271 et
527 1247 627 1273 unus
647 1248 691 1279 re,

277 1287 496 1336 linquentur

276 1342 479 1393 ‘⁸Uigilate
495 1355 588 1393 ergo
607 1344 697 1394 quia
713 1357 782 1383 nes

277 1397 360 1435 citis
381 1410 457 1447 qua
477 1398 538 1436 die
558 1398 644 1437 dms
664 1411 742 1438 uen

276 1458 385 1489 turus
405 1459 463 1490 est

277 1506 412 1543 “Illud
421 1514 548 1545 autem
557 1507 779 1558 scitotequo

277 1560 383 1598 niam
402 1561 433 1599 si
453 1561 566 1600 sciret
585 1562 732 1612 paterfa

277 1733 407 1774 Milias
426 1747 503 1785 qua
522 1735 619 1775 hora
639 1736 699 1775 fur

275 1791 381 1828 uenit
401 1790 572 1840 uigilaret
591 1792 684 1841 utiq·

276 1851 313 1882 et
332 1857 411 1883 non
432 1847 570 1883 sineret
589 1846 699 1896 perfo

275 1899 346 1936 diri
367 1900 529 1937 domum
550 1912 661 1938 suam

274 1954 398 1991 ⁴⁵ideo
418 1961 454 1991 et
475 1965 547 1991 uos
567 1962 687 1992 estote
707 1967 758 2005 pa

274 2009 345 2046 rati
366 2008 456 2058 quia
476 2009 632 2047 nescitis
654 2022 733 2059 qua

273 2062 370 2101 hora
390 2063 490 2101 filius
511 2062 682 2102 hominis

274 2124 459 2155 uenturus
478 2117 524 2155 sit

274 2171 303 2192 ⁴⁶
311 2171 503 2218 Quisnam
512 2178 569 2210 est
582 2172 705 2210 fidelis
718 2185 781 2211 ser

273 2237 345 2264 uus
365 2233 429 2264 aut
449 2226 620 2276 prudens
640 2234 749 2277 que-

274 2281 475 2319 constituit
495 2281 581 2319 dms
601 2293 647 2319 su

274 2346 341 2384 per
361 2335 544 2373 familiam
566 2348 677 2373 suam

273 2397 315 2426 ut
335 2389 398 2427 det
417 2389 489 2427 illis
509 2391 638 2428 cibum
658 2391 696 2427 in

274 2448 450 2491 tempore
469 2444 641 2482 47beatus
660 2444 721 2482 ille

274 2508 409 2534 seruus
429 2509 546 2546 quem
566 2499 656 2535 ueni

273 2563 343 2588 ens
365 2551 450 2588 dfns
470 2551 550 2589 eius
570 2552 701 2589 inueni

273 2611 311 2642 et
332 2605 383 2643 ita
403 2605 607 2643 facientem

271 2659 436 2697 ⁴8Amen
457 2660 544 2697 dico
564 2659 676 2699 uobis
695 2671 775 2710 quo

272 2714 379 2751 niam
400 2725 515 2763 super
534 2714 667 2752 omnia

271 2768 376 2806 bona
397 2780 466 2806 sua
485 2776 523 2806 et
543 2768 669 2806 consti

271 2822 341 2859 tuit
355 2835 447 2860 eum

270 2875 299 2897 ⁴⁹
308 2875 347 2914 Si
360 2883 489 2915 autem
497 2876 633 2915 dixerit
646 2876 772 2917 malus

268 2929 332 2968 ille
352 2943 485 2969 seruus
503 2931 543 2968 in
562 2932 680 2969 corde

270 2995 343 3022 suo
358 2996 507 3023 moram
526 2985 613 3024 fecit
628 2986 715 3024 dms

823 306 938 345 Meus
957 308 1090 346 uenire
1110 307 1181 345 5⁰et
1202 308 1241 345 in

821 362 934 411 cipiet
954 368 1155 412 percutere
1176 369 1256 400 co—

821 428 953 454 seruos
975 429 1066 455 suos
1086 417 1233 454 mandu

819 478 879 509 cet
898 478 1026 508 autern
1047 478 1084 509 et
1105 472 1210 509 bibat

819 537 910 563 cum
930 526 1091 564 ebriosis
1161 524 1285 563 ⁶¹ueni

820 586 857 618 et
877 579 963 617 dffis
984 580 1084 618 serui
1103 580 1200 617 illius
1221 580 1261 617 in

820 634 881 672 die
902 646 978 684 qua
998 646 1076 672 non
1097 641 1225 683 sperat
1247 640 1285 672 et

819 688 916 727 hora
935 701 1012 738 qua
1031 688 1181 738 ignorat
1200 689 1274 726 ⁵²et

819 743 965 780 diuidet
985 755 1074 781 eum
1094 750 1244 793 partem

818 809 894 847 que
915 797 995 835 eius
1015 810 1102 835 cum
1124 796 1248 848 hypro

815 852 918 889 critis
937 864 1064 901 ponec
1085 852 1159 890 illic
1179 852 1249 890 erit

816 906 927 944 fletus
946 913 984 944 et
1004 906 1144 945 stridor
1163 907 1239 944 den

814 961 909 998 tium
1150 959 1322 1014 [aestima

814 1024 965 1052 LXUIHI
980 1021 1017 1052 25
1036 1015 1048 1036 ¹
1061 1015 1166 1053 Tunc
1183 1017 1304 1053 sz'mz'le

815 1071 917 1107 bitur
937 1082 1100 1119 regnum
1121 1070 1227 1108 caelo

816 1136 903 1161 rum
960 1124 1097 1162 decem
1117 1123 1256 1174 uirgini

816 1178 887 1216 bus
908 1190 983 1228 que
1003 1178 1242 1228 adceperunt

816 1232 1015 1282 lampades
1036 1245 1125 1270 suas
1145 1240 1181 1270 et
1201 1245 1271 1283 pro

816 1287 966 1325 dierunt
986 1294 1023 1325 et
1043 1294 1234 1325 uenerunt

815 1342 976 1380 obuiam
996 1353 1141 1392 sponso
1164 1348 1202 1379 et

815 1408 982 1446 sponsae
1001 1396 1192 1446 2quinque
1212 1408 1261 1434 au

814 1457 891 1489 tem
912 1463 960 1488 ex
982 1451 1036 1489 eis
1054 1457 1163 1489 erant
1181 1451 1308 1489 fatuae

813 1511 850 1543 et
870 1506 1043 1555 quinque
1064 1506 1215 1555 pruden

814 1565 872 1598 tes
892 1559 1036 1598 ³fatuae
1056 1572 1149 1610 ergo
1168 1572 1291 1610 accep

816 1734 888 1774 Tis
907 1734 1152 1785 lampadibus
1172 1735 1252 1774 suis

815 1802 895 1828 non
916 1796 1162 1839 sumpserunt
1182 1790 1243 1828 ole

815 1856 882 1882 um
903 1856 1034 1882 secum
1227 1873 1230 1876 .

816 1898 1049 1937 ⁴Prudentes
1068 1910 1162 1937 uero
1184 1911 1276 1937 acce

815 1960 953 2003 perunt
973 1953 1103 1992 oleum
1123 1953 1163 1990 in
1183 1966 1233 1991 ua

816 2008 867 2045 sis
887 2008 965 2046 suis
985 2020 1074 2046 cum
1094 2007 1265 2058 lampadi

814 2063 888 2100 bus

815 2116 950 2155 ⁵Mora
968 2122 1096 2155 autern
1116 2128 1263 2167 sponso

815 2171 1020 2209 facientem
1077 2171 1245 2210 dormita

813 2232 953 2264 uerunt
972 2237 1111 2264 omnes
1131 2232 1167 2264 et
1188 2226 1259 2264 dor

813 2281 977 2318 mierunt

812 2334 967 2373 “Media
987 2340 1115 2373 autem
1135 2341 1250 2373 nocte

813 2390 960 2427 clamor
979 2390 1103 2428 sactus
1123 2395 1181 2427 est

810 2450 848 2482 et
868 2457 960 2483 ecce
980 2456 1145 2493 sponsus
1163 2443 1271 2482 uenit

810 2499 952 2547 surgite
971 2498 1130 2536 obuiam
1151 2498 1186 2536 ei

810 2552 922 2590 ⁷tunc
943 2558 1188 2591 surrexerunt

810 2618 949 2644 omnes
965 2607 1026 2644 ille
1047 2606 1206 2655 uirginis

807 2666 845 2698 et
868 2666 1102 2698 ornauerunt
1121 2660 1200 2697 lam

810 2714 930 2763 pades
951 2726 1041 2752 suas

808 2768 973 2806 ⁸Fatuae
994 2774 1122 2806 autem
1143 2767 1276 2817 sapien

808 2823 911 2860 tibus
930 2823 1111 2860 dixerunt
1140 2822 1228 2860 date

808 2877 919 2914 nobis
939 2876 986 2914 de
1006 2876 1093 2915 oleo
1113 2882 1243 2915 uestro

808 2931 874 2982 qui
893 2931 1092 2980 lampades
1113 2938 1264 2971 nostras

807 2986 1056 3035 extinguntur

1765 172 1852 213 MA
1865 174 2078 214 TTEUM

1392 263 1476 294 Pol.
1493 263 1553 293 30.

1391 305 1718 356 ⁹Responderunt
1737 306 1894 356 prude‘

1390 366 1449 399 tes
1469 361 1641 399 dicentes
1661 374 1710 399 ne
1731 362 1828 400 forte

1390 427 1470 453 non
1492 415 1641 453 suficiat
1662 416 1775 454 nobis
1795 423 1833 454 et

1391 470 1503 507 uobis
1541 470 1608 507 sed
1630 470 1678 507 ite
1699 471 1826 520 potius

1389 524 1439 562 ad
1458 525 1673 563 uendentes
1693 531 1729 563 et
1749 525 1826 563 emi

1390 585 1426 616 te
1446 579 1558 616 uobis

1596 636 1633 664 nt

1388 676 1529 714 1⁰Dum
1543 688 1633 714 eum
1647 689 1776 715 emere
1788 677 1895 716 uenit

1389 742 1556 781 sponsus
1575 737 1612 769 et
1632 743 1732 781 quae
1751 739 1882 782 parate

1387 791 1498 823 erant
1517 786 1756 824 intrauerunt

1389 852 1476 878 cum
1497 852 1544 878 eo
1564 840 1603 878 in
1623 842 1775 890 nuptias
1796 847 1833 878 et

1388 894 1519 932 clausa
1539 902 1596 933 est
1616 895 1732 933 ianua
1751 895 1777 916 ¹²
1786 908 1838 934 no

1388 949 1567 987 uissimae
1588 957 1717 987 autem
1737 962 1785 988 ue

1389 1010 1526 1041 nerunt
1547 1004 1690 1054 relique
1711 1005 1807 1054 uirgi

1390 1058 1449 1095 nis
1470 1058 1642 1097 dicentes
1664 1058 1739 1097 dne
1759 1060 1835 1098 dne

1389 1112 1494 1161 aperi
1514 1113 1626 1151 nobis

1389 1165 1487 1204 12Ad
1506 1167 1568 1204 ille
1587 1167 1827 1217 respondens
1842 1168 1894 1206 ait

1389 1232 1503 1258 amen
1524 1220 1611 1259 dico
1631 1223 1743 1259 uobis
1762 1235 1832 1260 nes

1389 1275 1450 1312 cio
1470 1287 1542 1313 uos
1562 1275 1749 1325 ¹³uigilate
1772 1277 1863 1327 itaq·

1389 1329 1481 1379 quia
1501 1330 1656 1368 nescitis
1678 1332 1780 1369 diem

1389 1396 1517 1434 neque
1538 1384 1676 1422 horam

1389 1437 1530 1477 1⁴Sicut
1546 1439 1650 1476 enim
1671 1438 1792 1478 homo
1807 1440 1895 1490 pele

1387 1504 1455 1541 gre
1476 1493 1668 1543 profectus
1687 1506 1787 1532 uoca

1390 1547 1444 1585 uit
1464 1560 1598 1586 seruus
1619 1560 1710 1586 suus
1731 1556 1769 1586 et
1789 1555 1849 1587 tra

1388 1601 1483 1640 didit
1503 1602 1575 1641 illis
1596 1603 1701 1641 bona
1722 1615 1794 1642 sua

1388 1734 1415 1755 ¹⁵
1424 1734 1474 1772 Et
1493 1734 1560 1772 uni
1580 1734 1740 1784 quidem
1761 1734 1866 1775 dedit

1388 1789 1560 1839 quinque
1581 1789 1722 1827 talenta
1742 1789 1803 1827 alii

1388 1851 1517 1881 autem
1538 1844 1617 1882 duo
1637 1844 1698 1881 alii
1718 1856 1813 1882 uero

1388 1910 1508 1935 unum
1529 1898 1738 1948 unicuique
1760 1911 1800 1936 se

1388 1953 1560 1990 cundum
1580 1953 1778 2002 propriam

1388 2007 1569 2044 uirtutem
1589 2007 1783 2057 profectus

1387 2067 1446 2099 est

1387 2115 1413 2136 ¹⁰
1423 2115 1622 2154 Continuo
1642 2121 1770 2153 autem
1792 2115 1859 2167 qui

1388 2170 1558 2220 quinque
1578 2170 1721 2208 talenta
1740 2170 1789 2208 ad

1385 2232 1540 2275 ceperat
1624 2231 1661 2263 et
1680 2231 1863 2275 operatus

1384 2287 1442 2318 est
1461 2280 1501 2317 in
1519 2279 1574 2317 eis
1594 2279 1668 2317 alia
1688 2280 1862 2330 quinque

1384 2333 1457 2372 ¹⁷et
1477 2334 1650 2372 similiter
1670 2334 1735 2384 qui
1756 2335 1834 2372 duo

1383 2389 1536 2438 adcepit
1555 2389 1720 2427 lucratus
1740 2396 1798 2427 est

1383 2443 1422 2479 in
1444 2444 1498 2480 eis
1517 2443 1592 2481 alia
1612 2443 1688 2481 duo

1382 2497 1408 2518 ¹⁸
1417 2497 1497 2544 Qui
1509 2504 1638 2536 autem
1651 2509 1772 2535 unum
1781 2497 1888 2535 tale-

1383 2558 1465 2588 tum
1486 2552 1640 2601 adcepit
1659 2551 1756 2589 fodit
1776 2558 1814 2589 et

1382 2606 1585 2644 abscondit
1604 2606 1801 2655 pecunia-

1383 2660 1449 2696 dni
1470 2660 1527 2696 sui

1382 2713 1511 2750 ¹⁹Post
1531 2712 1693 2750 multum
1707 2725 1799 2751 uero
1815 2718 1881 2750 te-

1381 2779 1453 2817 pus
1472 2767 1578 2805 uenit
1597 2767 1683 2804 dms
1703 2779 1815 2805 seruo

1380 2833 1467 2858 rum
1488 2822 1642 2860 illorum
1661 2828 1698 2859 et
1718 2821 1846 2871 posuit

1380 2876 1568 2913 rationem
1588 2888 1677 2913 cum
1697 2877 1750 2913 eis

1929 307 2080 357 Optulit
2100 307 2173 346 alia
2192 308 2327 359 quinq·

1927 363 2070 400 talenta
2089 362 2221 401 dicens
2241 364 2318 402 dr'ie

1929 417 2100 467 quinque
2122 417 2267 455 talenta
2285 419 2341 456 mi

1929 471 1968 508 hi
1990 471 2173 510 tradidisti
2193 485 2285 511 ecce
2306 485 2329 511 a

1929 525 1980 563 lia
2000 527 2170 576 quinque
2191 539 2307 577 super

1928 579 2096 618 lucratus
2116 593 2202 619 sum
2355 579 2435 636 [ser

1929 632 2031 672 ²¹Ait
2056 635 2106 672 illi
2127 636 2213 673 dms
2233 636 2314 675 eius
2334 650 2433 687 euge

1929 689 1979 727 be
2000 690 2127 727 bonae
2146 696 2183 727 et
2204 691 2327 729 fidelis
2347 704 2392 729 su

1929 756 1999 793 per
2017 743 2137 782 multa
2156 750 2192 782 te
2213 747 2408 784 constitua

1927 799 2028 836 intra
2047 799 2087 836 in
2108 799 2294 848 gaudium
2314 800 2394 838 dffii

1926 853 1980 890 tui

1927 905 2131 945 ²²Accessit
2142 914 2270 946 autem
2283 909 2433 960 quiduo

1929 961 2071 1000 talenta
2091 963 2298 1012 adceperat

1929 1023 1967 1054 et
1986 1016 2038 1054 ait
2059 1017 2147 1055 dffie
2167 1017 2245 1055 duo
2265 1018 2408 1057 talenta

1929 1071 2119 1109 tradidisti
2140 1072 2231 1109 mihi
2254 1085 2346 1111 ecce

1929 1125 2003 1162 alia
2027 1125 2105 1164 duo
2125 1126 2293 1165 lucratus

1929 1191 2015 1216 sum

1928 1232 2012 1271 ²³Et
2026 1234 2077 1271 ait
2089 1234 2142 1271 illi
2151 1234 2236 1273 dms
2246 1235 2327 1274 eius
2334 1247 2433 1286 euge

1930 1289 2042 1326 serbe
2062 1289 2164 1326 bone
2184 1289 2307 1327 fidelis

1929 1343 2019 1393 quia
2040 1355 2155 1392 super
2176 1356 2301 1393 pauca
2321 1344 2362 1382 fu

1928 1397 1989 1435 isti
2010 1397 2134 1435 fidelis
2154 1410 2269 1448 super
2287 1399 2369 1437 mul

1929 1457 1968 1489 ta
1989 1458 2025 1490 te
2045 1453 2278 1491 constituam
2299 1454 2339 1491 in

1928 1512 1987 1544 tra
2007 1507 2046 1545 in
2065 1507 2251 1557 gaudium
2271 1507 2339 1546 dni

1929 1561 1985 1599 tui

1925 1734 2164 1774 2⁴Aceedens
2177 1742 2304 1775 autem
2317 1743 2353 1776 et
2367 1738 2432 1789 qui

1928 1802 2050 1828 unum
2069 1791 2253 1829 talentum
2273 1793 2323 1830 ad

1928 1852 2084 1894 ceperat
2104 1846 2153 1883 ait
2175 1847 2264 1883 dme
2285 1847 2366 1885 scio

1928 1900 2018 1949 quia
2039 1898 2160 1938 homo
2180 1901 2298 1938 durus
2318 1908 2377 1939 est

1927 1954 2040 1992 metis
2061 1954 2126 1991 ubi
2147 1966 2227 1992 non
2248 1956 2346 1993 semi

1927 2009 2026 2046 nasti
2050 2014 2088 2047 et
2108 2020 2354 2058 congregans

1926 2062 2033 2112 quod
2054 2075 2133 2100 non
2155 2064 2326 2113 sparsisti
2346 2064 2420 2103 ²⁵et

1924 2119 2066 2155 timens
2085 2118 2162 2155 abii
2181 2125 2218 2156 et
2238 2119 2386 2158 abscon

1925 2171 1963 2208 di
1984 2171 2171 2210 talentum
2192 2179 2302 2210 tuum

1924 2225 1964 2263 in
1984 2232 2125 2264 terram
2145 2239 2236 2265 ecce
2257 2227 2376 2265 habes

1923 2291 2002 2329 quo
2020 2287 2128 2318 tuum
2149 2288 2206 2319 est
2321 2279 2428 2334 [dms

1923 2335 1952 2356 ²⁶
1961 2335 2222 2384 Respondens
2243 2342 2374 2373 autem

1922 2390 2003 2427 eius
2023 2389 2117 2427 dixit
2137 2389 2171 2427 ei
2193 2401 2303 2427 serue
2323 2402 2373 2428 ne

1922 2455 2041 2492 quam
2062 2450 2099 2480 et
2118 2443 2228 2493 piger
2248 2444 2399 2482 sciebas

1921 2497 2027 2546 quod
2046 2504 2151 2535 meto
2170 2497 2235 2534 ubi
2254 2510 2335 2535 non

1922 2552 2059 2589 semito
2080 2558 2116 2589 et
2136 2563 2337 2602 congrego

1920 2605 1987 2642 ubi
2007 2617 2088 2643 non
2108 2607 2229 2655 sparsi

1919 2658 2140 2708 2⁷Op0rtuit
2159 2672 2253 2710 ergo
2272 2666 2310 2698 te
2330 2666 2388 2698 tra

1920 2713 2010 2751 dere
2030 2715 2236 2763 pecuniam
2255 2726 2387 2752 meam

1919 2768 2187 2807 nummulariis
2208 2775 2246 2806 et
2265 2781 2341 2818 ego

1918 2823 2077 2860 ueniens
2097 2823 2322 2873 recipissem

1917 2877 2023 2926 quod
2043 2889 2172 2915 meum
2194 2884 2252 2915 est

1378 2929 1450 2968 2⁰et
1469 2930 1664 2969 adcedens
1684 2930 1748 2980 qui
1769 2930 1864 2980 quin
1914 2928 2095 2970 28Tollite
2114 2932 2240 2982 itaque
2255 2931 2305 2969 ab
2321 2943 2369 2970 eo
2384 2937 2422 2969 ta

1379 2997 1456 3035 que
1476 2984 1618 3023 talenta
1637 2985 1841 3035 adceperat

1915 2985 2066 3025 lentum
2087 2992 2124 3024 et
2145 2987 2232 3024 date
2253 2986 2288 3024 ei
2309 2986 2375 3035 qui
