2820 3334
191 112 279 137 ..μ’

271 228 323 253 rx.
347 212 489 268 16—48.]
546 214 591 252 E
594 213 664 252 UA
672 213 723 252 N
722 212 874 252 GELI
873 212 963 251 [JM
988 212 1100 252 SEC

271 304 353 333 Fol.
369 304 445 333 115.

269 345 478 395 Discipulis
498 350 540 383 ut
559 357 661 395 pone

268 406 352 437 rent
373 407 460 438 ante
480 401 633 437 turbam

268 453 338 492 ¹⁷et
357 454 691 492 manducauerunt

268 514 305 546 et
325 509 481 546 saturati
501 515 589 546 sunt
609 515 645 546 et
665 509 739 546 sub

268 563 387 600 latum
408 570 465 601 est
486 563 592 613 quod
613 575 726 613 super

267 617 336 654 fuit
355 617 426 655 illis
445 617 661 666 fragmento

267 683 354 709 rum
375 672 564 720 cophinos
586 685 654 709 xn·
715 668 772 724 [so

269 735 368 762 XXUI
379 725 451 764 ¹⁸E
449 731 465 763 l
461 727 616 776 saelum
629 731 682 763 est
691 739 772 763 cum

266 780 325 818 lus
346 788 444 818 esset
464 792 580 818 orans
599 787 707 818 erant

267 847 356 872 cum
378 835 443 872 illo
463 841 500 872 et
520 834 699 883 discipuli

267 889 318 926 Et
337 889 587 938 interrogauit
606 889 692 927 illos

267 943 402 981 dicens
422 956 539 993 quem
560 955 622 981 me
642 943 680 981 di

268 1004 360 1034 cunt
382 1010 467 1035 esse
488 998 621 1035 turbae

266 1051 363 1088 19Αά
383 1052 434 1088 illi
454 1052 735 1101 responderunt

267 1111 304 1142 et
325 1106 504 1143 dixerunt
524 1106 643 1143 iohan

267 1172 357 1197 nem
378 1160 587 1209 baptistam
608 1160 670 1197 alii

265 1220 394 1251 autem
415 1214 555 1252 heliam
588 1214 651 1251 alii

265 1280 358 1305 uero
379 1269 468 1318 quia
487 1267 636 1317 profeta

264 1334 365 1360 unus
388 1323 435 1360 de
455 1322 643 1372 prioribus
664 1334 730 1360 sur

265 1377 363 1414 rexit

264 1430 406 1468 ²0Dixit
425 1437 554 1468 autern
574 1430 647 1468 illis
667 1442 738 1469 uos

265 1497 380 1535 quem
400 1497 463 1523 me
483 1497 566 1523 esse
587 1485 662 1523 dici

264 1546 314 1577 tls

266 1593 484 1643 Respondit
504 1595 631 1632 simon
652 1606 701 1644 pe

265 1722 370 1760 Trus
391 1723 486 1760 dixit
506 1727 601 1772 xpm
622 1724 663 1761 di

264 1776 362 1814 2¹Ad
382 1777 441 1815 ille
462 1778 667 1827 increpans
687 1790 754 1817 eos

264 1834 435 1882 precepit
455 1844 504 1870 ne
525 1834 586 1870 cui
605 1832 680 1871 hoc

385 1895 407 1916 n

265 1930 408 1967 diceret

264 1983 443 2021 2“'Dicens
463 1983 570 2033 quod
590 1991 743 2034 oportet

266 2037 384 2074 filium
406 2037 574 2075 hominis
596 2040 676 2076 mul

263 2099 301 2129 ta
321 2092 399 2141 pati
421 2099 457 2129 et
476 2093 643 2141 reproba

263 2146 294 2182 ri
315 2158 337 2183 a
357 2146 594 2196 principibus
615 2159 658 2185 sa

262 2200 465 2238 cerdotum
485 2207 522 2238 et
542 2202 652 2239 senio

262 2255 367 2292 ribus
388 2261 424 2292 et
445 2255 580 2293 scribis
600 2263 638 2293 et

264 2309 387 2346 occidi
408 2316 445 2347 et
464 2316 551 2359 post
570 2316 644 2348 tres

263 2362 344 2400 dies
364 2375 563 2413 resurgere

262 2415 461 2454 ²³Dicebat
481 2424 608 2455 autem
630 2418 679 2456 ad
700 2430 766 2457 om

263 2482 332 2508 nes
352 2471 383 2507 si
403 2472 488 2520 quis
507 2472 587 2509 uult
607 2479 696 2521 post

263 2536 326 2561 me
346 2525 475 2562 uenire
495 2527 661 2574 abneget

263 2590 304 2616 se
325 2578 453 2628 ipsum
472 2584 510 2616 et
530 2579 636 2617 tollat

263 2644 420 2670 crucem
441 2644 551 2671 suam
571 2640 608 2671 et
628 2645 669 2672 se

262 2693 401 2736 quatur
421 2699 483 2724 me

261 2738 290 2761 ²⁴
300 2740 378 2787 Qui
398 2741 503 2778 enim
523 2741 691 2779 uoluerit

263 2795 434 2832 animam
456 2807 568 2833 suam
589 2795 646 2833 sal

262 2861 353 2887 uam
373 2850 497 2888 facere
517 2850 651 2899 perdet

263 2915 350 2940 earn
443 2916 535 2941 nam
556 2916 622 2954 qui

263 2957 471 3007 perdiderit
491 2959 662 2996 animam

264 3023 374 3050 suam
394 3019 552 3062 propter
570 3025 634 3051 me

810 344 980 382 Saluabit
1000 357 1087 382 eam

807 399 949 446 ²⁵Quid
964 400 1068 436 enim
1088 399 1239 448 proficit
1258 398 1310 437 ho

807 466 874 491 mo
895 454 925 491 si
945 454 1111 491 lucretur
1130 454 1197 490 uni

806 520 962 545 uersum
982 508 1171 545 mundum

807 574 847 600 se
870 569 999 599 autem
1019 562 1155 611 perdat
1175 567 1238 599 aut

808 616 1078 654 detrimentum
1098 616 1211 654 faciat

807 669 944 708 26Nam
965 671 1029 720 qui
1049 671 1227 708 eribuerit
1247 682 1309 707 me

807 733 844 762 et
863 737 972 762 meos
991 737 1191 763 sermones

806 779 910 817 hunc
930 779 1028 817 filius
1049 779 1216 817 hominis

806 834 1003 871 erubescet
1023 846 1112 871 cum
1132 846 1179 871 ue

806 888 904 926 nerit
924 888 963 924 in
983 888 1182 926 maiestate

806 954 874 980 sua
894 948 930 979 et
950 943 1068 991 patris
1088 949 1126 980 et
1146 955 1238 981 sanc

805 1002 934 1034 torum
955 997 1183 1045 angelorum

805 1048 942 1089 ²⁷Dico
963 1058 1092 1088 autem
1112 1052 1224 1089 uobis
1245 1063 1292 1088 ue

805 1117 845 1143 re
868 1111 955 1143 sunt
976 1105 1093 1156 aliqui
1112 1106 1174 1143 hic
1195 1112 1280 1143 sta*

806 1165 862 1196 tes
884 1159 950 1209 qui
971 1172 1051 1197 non
1072 1161 1266 1210 gustabu‘*

806 1221 970 1251 mortem
991 1214 1116 1252 donec
1137 1215 1176 1251 ui

862 1277 884 1297 n

806 1311 894 1348 deat
914 1323 1076 1360 regnum
1097 1311 1137 1349 di

805 1365 1000 1403 2⁸Factum
1021 1372 1079 1403 est
1098 1373 1229 1404 autem

805 1425 894 1469 post
915 1419 1012 1457 haec
1034 1422 1154 1458 uerba
1174 1421 1209 1458 fe

805 1486 846 1512 re
866 1480 955 1523 post
976 1474 1057 1512 dies
1078 1482 1168 1512 octo
1208 1475 1257 1512 ad

806 1529 969 1578 sumpsit
991 1536 1144 1577 petrum
1165 1536 1202 1567 et

804 1582 1015 1620 iohannem
1034 1590 1071 1621 et
1091 1585 1175 1621 iaco

804 1638 898 1674 bum
919 1644 956 1675 et
975 1638 1149 1675 ascendit

807 1724 847 1760 in
867 1731 1041 1762 montem
1061 1730 1102 1762 ut
1123 1738 1191 1763 ora

806 1785 862 1816 ret
882 1779 909 1799 ²⁹
919 1786 956 1816 et
977 1779 1070 1816 dum
1091 1787 1175 1817 orat
1194 1779 1254 1818 fac

804 1838 846 1870 ta
866 1840 922 1870 est
942 1834 1088 1882 species
1108 1846 1224 1884 aspec

807 1895 868 1925 tus
888 1887 969 1925 eius
989 1887 1106 1925 altera
1125 1895 1163 1925 et
1183 1901 1251 1927 ues

759 1958 761 1960 ¹
806 1942 895 1979 titus
914 1942 995 1979 eius
1015 1942 1125 1980 albus
1145 1943 1241 1981 resul

804 2008 901 2045 gens
957 1996 1032 2034 3⁰et
1051 2009 1142 2034 ecce
1163 1997 1241 2036 duo

804 2050 873 2088 uiri
893 2050 1174 2099 loquebaantur

805 2117 895 2142 cum
915 2105 980 2143 illo
1037 2113 1147 2143 erant

803 2165 933 2196 autern
953 2172 1107 2209 moyses
1127 2167 1164 2198 et

802 2213 921 2251 helias
941 2213 1014 2250 3¹in
1034 2215 1236 2252 maiestate

802 2268 875 2305 uisi
909 2275 947 2306 et
966 2268 1147 2307 dicebant
1166 2282 1214 2307 ex

802 2334 954 2360 cessum
975 2323 1056 2360 eius
1076 2335 1194 2372 quem

801 2376 1048 2425 conpleturus
1067 2383 1147 2415 erat

802 2431 840 2467 in
862 2430 1091 2469 iherusalem

801 2485 830 2506 ³2
838 2484 971 2522 Petrus
985 2498 1078 2524 uero
1096 2493 1132 2524 et
1149 2486 1215 2536 qui
1232 2492 1310 2525 cu-

804 2538 870 2576 illo
891 2546 998 2577 erant
1018 2541 1167 2589 grauati

803 2599 891 2630 sunt
911 2605 1051 2632 somno
1071 2602 1109 2632 et
1129 2595 1207 2644 uigi

803 2646 926 2684 lantes
946 2648 1124 2686 uiderunt
1143 2661 1208 2686 ma

803 2700 977 2737 iestatem
998 2702 1078 2738 eius
1099 2709 1136 2739 et
1156 2702 1208 2739 du

803 2765 848 2791 os
869 2755 975 2792 uiros
996 2756 1061 2805 qui
1082 2756 1235 2793 stabant

802 2820 892 2845 cum
913 2808 976 2846 illo

802 2862 887 2899 ³³Et
909 2862 1051 2900 factum
1072 2869 1129 2901 est
1149 2874 1240 2900 cum

802 2916 965 2954 disceret
985 2918 1034 2954 ab
1054 2917 1118 2954 illo
1141 2919 1191 2955 ait

801 2978 932 3021 petrus
952 2978 1184 3022 praeceptor

1770 208 2074 248 LUCANUM

1382 301 1464 330 Fol.
1482 302 1558 330 116.

1380 342 1538 381 Bonum
1557 349 1613 380 est
1633 354 1705 381 nos
1725 341 1786 380 hic

1380 410 1465 435 esse
1486 398 1516 435 si
1536 398 1594 435 uis
1615 397 1804 435 faciamus

1380 452 1450 489 tria
1470 452 1718 490 tabernacula
1737 457 1846 489 unu‘·

1380 507 1448 544 tibi
1469 513 1506 544 et
1525 507 1651 556 moysi
1671 518 1794 544 unum

1379 567 1416 598 et
1436 560 1557 598 heliae
1578 573 1699 598 unum
1718 573 1789 598 nes

1381 616 1487 653 ciens
1508 615 1599 665 quid
1620 615 1764 653 diceret

1379 669 1885 719 ⁸⁴Haecautemilloloque-

1379 729 1415 761 te
1437 724 1537 761 facta
1556 731 1614 762 est
1634 725 1733 762 nubs
1753 730 1791 762 et

1379 779 1628 817 obumbrauit
1649 791 1717 817 eos
1737 785 1775 816 et

1379 833 1586 871 timuerunt
1606 840 1643 871 et
1663 834 1792 871 intra*

1378 887 1479 925 tibus
1500 888 1571 925 illis
1592 888 1630 924 in
1652 889 1797 926 nubem

1379 941 1407 962 ³⁵
1416 954 1494 980 uox
1515 942 1615 980 facta
1634 949 1692 980 est
1712 943 1758 980 de
1780 942 1883 980 nube

1381 996 1515 1035 dicens

1435 1050 1497 1088 hic
1518 1057 1575 1088 est
1595 1051 1694 1089 filius
1714 1063 1824 1089 meus

1434 1105 1578 1143 electus
1598 1106 1724 1156 ipsum

1435 1159 1562 1197 audste

1381 1213 1465 1251 “Et
1485 1214 1575 1250 dum
1598 1214 1639 1251 fit
1658 1226 1729 1252 uos
1749 1215 1866 1252 inuen

1381 1275 1441 1306 tus
1463 1274 1520 1306 est
1540 1268 1597 1306 ihs
1620 1268 1723 1306 solus
1742 1275 1780 1306 et
1800 1270 1839 1319 ip

1381 1323 1411 1360 si
1427 1344 1435 1352 ·
1450 1329 1651 1361 tacuerunt
1671 1330 1708 1360 et
1728 1336 1775 1360 ne

1380 1377 1474 1414 mini
1496 1377 1589 1414 nihil
1610 1378 1790 1415 dixerunt

1379 1432 1419 1469 in
1440 1431 1511 1469 illis
1532 1432 1668 1470 diebus
1690 1445 1737 1470 ex
1759 1432 1819 1471 his

1380 1498 1480 1536 quae
1500 1486 1676 1524 uiderant

1380 1550 1497 1577 XXUJI
1509 1540 1536 1561 ³⁷
1542 1541 1702 1578 Faclum
1715 1545 1768 1579 esl
1777 1546 1888 1579 aule*

1379 1608 1448 1645 per
1467 1595 1571 1633 diem
1592 1596 1735 1634 descen

1379 1724 1570 1763 Dentibus
1590 1725 1662 1763 illis
1682 1725 1731 1764 de

1379 1786 1514 1818 monte
1534 1782 1700 1818 occurrit

1380 1834 1431 1871 illi
1451 1835 1563 1872 turba
1582 1835 1702 1872 multa
1722 1834 1793 1873 38et

1379 1901 1470 1926 ecce
1491 1890 1548 1926 uir
1569 1889 1616 1927 de
1637 1890 1748 1927 turba

1380 1943 1609 1981 exclamauit
1630 1944 1761 1982 dicens

1379 1997 1560 2046 magister
1580 1999 1743 2036 obsecro

1379 2057 1416 2089 te
1437 2052 1585 2101 respice
1607 2052 1646 2089 in
1666 2053 1788 2090 filium

1378 2118 1506 2143 meum
1530 2107 1620 2156 quia
1639 2107 1777 2145 unicus

1378 2167 1436 2198 est
1455 2160 1560 2198 mihi·
1582 2161 1654 2199 ³⁹et
1674 2174 1764 2199 ecce
1785 2166 1850 2212 sps

1378 2215 1631 2264 adprehendit
1650 2216 1757 2253 illum

1378 2270 1505 2307 subito
1526 2277 1562 2308 et
1582 2271 1686 2308 elidit
1705 2277 1742 2308 et

1379 2324 1539 2373 dissipat
1559 2337 1648 2362 curn
1670 2330 1839 2375 spuma·-

1379 2384 1416 2416 et
1435 2379 1500 2415 uix
1522 2379 1691 2418 descedit
1710 2381 1759 2417 ab
1779 2380 1805 2417 il

1378 2433 1416 2470 lo
1439 2433 1629 2472 dilanians
1650 2435 1756 2472 illurn

1377 2487 1451 2524 ‘¹⁰et
1469 2489 1603 2537 rogaui
1624 2488 1775 2538 discipu

1378 2541 1437 2579 los
1459 2549 1544 2579 tuos
1564 2550 1605 2580 ut
1625 2543 1777 2580 eicere*

1378 2595 1486 2632 illurn
1507 2602 1544 2634 et
1564 2609 1644 2634 non
1664 2604 1784 2646 potue

1378 2656 1468 2687 runt

1378 2703 1673 2752 “Respondens
1693 2710 1823 2742 autern

1378 2757 1437 2794 ihs
1459 2757 1554 2794 dixit
1576 2770 1623 2795 ·o·
1645 2770 1788 2806 genera

1379 2811 1433 2848 tio
1453 2811 1618 2848 infidelis
1638 2818 1675 2848 et
1695 2824 1764 2861 per

1378 2877 1490 2902 uersa
1510 2877 1714 2915 usquequo

1378 2931 1445 2956 ero
1466 2925 1559 2968 aput
1579 2932 1650 2957 uos
1671 2926 1708 2958 et
1729 2920 1806 2969 pati

1377 2984 1419 3010 ar
1440 2985 1513 3012 uos
1547 2973 1673 3012 adduc
1694 2975 1770 3013 huc

2369 219 2418 259 59

1918 340 2056 378 Filium
2076 346 2184 378 tuum

1917 394 2002 433 4²Et
2022 407 2110 433 curn
2130 394 2351 432 adcessitset
2370 400 2410 433 et

1918 450 2016 488 elisit
2036 450 2142 486 illurn
2163 449 2322 487 demoni

1918 517 1987 541 um
2006 510 2045 542 et
2064 504 2259 553 dissipauit

1918 558 1968 596 Et
1988 559 2200 608 increpauit
2219 559 2277 596 ihs
2301 561 2389 607 spm

1920 613 2164 650 inmundum·
2185 620 2222 651 et
2243 625 2337 651 sana

1918 668 1971 705 uit
1991 680 2153 717 puerum
2175 674 2213 705 et
2233 667 2324 705 resti

1916 722 1986 759 tuit
2006 734 2095 759 eum
2115 722 2213 771 patri
2232 723 2314 760 eius

1917 776 2158 825 ⁴3stupebant
2178 782 2310 813 autern

1918 843 2056 868 omnes
2075 830 2115 867 in
2134 831 2310 880 magnitu

1919 885 2050 923 dinem
2070 884 2109 922 Cli

1920 939 2192 989 Omnibusque
2212 939 2338 976 mira*

1917 995 2019 1032 tibus
2040 1006 2153 1043 super
2172 994 2305 1032 omnia

1918 1061 1993 1098 que
2013 1049 2178 1086 faciebat

1919 1103 2027 1141 Dixit
2047 1104 2081 1140 ei
2102 1109 2233 1152 petrus
2254 1102 2329 1140 dr‘ie

1919 1170 2039 1208 quare
2060 1169 2133 1195 nos
2153 1170 2234 1194 non
2255 1157 2366 1206 potui

1918 1224 2007 1249 mus
2027 1212 2147 1250 eicere
2167 1212 2275 1248 illum

1920 1267 2059 1317 quibus
2080 1266 2173 1303 dixit
2194 1266 2313 1316 quoni

1920 1333 1984 1358 am
2005 1320 2195 1358 eiusmodi
2215 1320 2339 1358 oratio

1920 1388 1969 1413 ne
1990 1375 2179 1413 eiciuntur
2198 1381 2235 1412 et
2256 1375 2288 1412 ie

1921 1430 2028 1467 iunio
2121 1429 2215 1467 dixit
2236 1441 2285 1466 au

1920 1491 1999 1522 tem
2020 1484 2069 1522 ad
2089 1483 2299 1534 discipulos
2320 1494 2365 1520 su

1921 1551 1966 1577 os
1986 1539 2155 1588 ⁴¹¹ponite
2175 1551 2246 1576 uos
2266 1538 2306 1575 in

1921 1595 1994 1631 bus
2012 1593 2149 1631 uestris
2170 1605 2297 1631 sermo

1920 1724 2001 1763 Nes
2022 1724 2094 1763 hos
2115 1738 2207 1763 narn
2227 1725 2328 1763 filius

1918 1779 2089 1818 hominis
2110 1780 2280 1817 tradetur

1918 1835 1958 1871 in
1979 1846 2118 1872 manus
2139 1834 2341 1872 hominum

1918 1888 2017 1926 ⁴⁵Ac1
2037 1889 2087 1925 illi
2108 1889 2340 1937 ignorabant
2358 1898 2431 1927 uer

1918 1944 2014 1980 bum
2033 1943 2135 1981 istud
2186 1951 2223 1981 et
2244 1950 2324 1981 erat

1919 1997 2114 2035 occultum
2135 1998 2232 2035 inter
2251 1998 2291 2047 ip

1920 2053 1971 2089 sis
1992 2059 2034 2090 ut
2055 2064 2137 2090 non
2158 2053 2344 2090 sentirent

1918 2106 1969 2143 Et
1989 2107 2178 2144 timebant
2198 2107 2342 2145 interro

1918 2173 2008 2210 gare
2029 2161 2135 2198 illum
2156 2161 2204 2199 de
2224 2161 2297 2200 hoc

1916 2216 2038 2253 uerbo

1918 2269 2114 2306 ⁴⁶1ntrauit
2134 2276 2266 2307 autem
2287 2269 2374 2318 cogi

1918 2324 2012 2362 tatio
2033 2324 2072 2361 in
2093 2324 2147 2362 eis
2167 2325 2252 2374 quis
2274 2329 2396 2361 eoru*

1919 2380 2043 2416 maior
2063 2385 2163 2416 esset

1919 2433 2019 2470 47Ad
2039 2433 2097 2470 ihs
2118 2432 2256 2469 uidens
2276 2432 2404 2481 cogita

1918 2488 2044 2524 tiones
2065 2486 2190 2525 cordis
2211 2486 2275 2524 illo

1918 2553 2003 2578 rum
2025 2541 2318 2590 adprehendens

1919 2607 2009 2632 eum
2030 2595 2158 2632 statuit
2179 2606 2290 2632 secus
2311 2606 2352 2632 se

1919 2649 1992 2686 ‘fflet
2013 2649 2064 2686 ait
2098 2649 2333 2698 quicumque

1919 2702 2114 2751 adceperit
2134 2715 2298 2752 puerum

1918 2757 2034 2794 istum
2054 2758 2094 2794 in
2114 2758 2273 2795 nomine
2293 2769 2384 2796 meo

1919 2823 1983 2848 me
2002 2812 2146 2861 recepit
2166 2818 2202 2850 et
2222 2812 2287 2861 qui

1920 2877 2090 2915 cumque
2109 2878 2173 2904 me
2194 2878 2332 2915 recepe

1920 2920 1967 2957 rit
1987 2932 2067 2957 non
2088 2933 2150 2958 me
2171 2921 2306 2970 recipit
2326 2919 2394 2958 sed

1920 2986 2010 3012 eum
2030 2975 2097 3025 qui
2116 2987 2179 3013 me
2200 2975 2303 3013 misit

2273 3039 2371 3067 xum

2010 3098 2081 3131 two
2101 3095 2218 3131 leaves
2237 3093 2316 3132 lost.
