2820 3334
458 225 509 265 70

457 305 540 336 1¹01.
555 305 633 337 137.

456 348 582 397 Super
601 359 643 385 se
662 345 843 384 adducite
862 344 939 384 huc

455 409 494 441 et
513 401 711 440 interficite
730 407 819 439 ante
839 411 902 438 me

455 455 542 494 2⁸Et
554 456 612 494 his
625 455 732 493 dictis
739 454 957 493 abiitasce-

454 510 553 549 dens
572 510 611 547 in
635 508 883 547 iherosolima

455 563 804 614 LX111²⁹Elfaclum
811 563 956 601 estdum

456 618 702 669 adpropiaret
723 616 866 667 betpha

455 685 506 723 ge
538 678 575 710 et
594 671 796 710 bethaniae
816 670 866 708 ad

455 733 630 766 montem
650 726 715 776 qui
734 737 835 764 uoca

454 788 516 820 tur
535 781 719 819 oliuetum
738 780 842 818 misit

456 835 556 874 duos
575 833 784 884 discipulos
803 845 895 872 suos

454 889 623 928 ³⁰dicens
642 889 692 927 ite
711 889 751 926 in
770 888 889 926 castel

453 943 534 982 lum
556 942 661 994 quod
680 947 815 981 eontra

453 1004 511 1036 est
530 997 570 1035 in
589 1008 669 1047 quo
687 997 866 1034 introeu-

454 1058 513 1090 tes
532 1051 733 1089 inuenietis
752 1050 889 1100 pullu*

455 1106 565 1144 asine
586 1105 800 1153 adligatum
820 1104 861 1142 in

455 1172 535 1210 quo
554 1161 737 1197 nerhemo
757 1158 857 1196 sedit

455 1214 590 1252 soluite
609 1213 716 1251 illum
737 1219 774 1251 et
793 1212 843 1250 ad

457 1268 588 1307 ducite
635 1267 707 1305 ⁸¹et
726 1267 756 1304 si
777 1268 864 1316 quis
883 1278 956 1305 uos

453 1321 747 1371 interrogauerit
767 1321 806 1359 di

455 1378 550 1415 cetis
569 1376 660 1426 quia
679 1376 766 1414 dffis
785 1386 862 1425 ope

454 1443 539 1469 ram
559 1432 641 1468 eius
659 1429 849 1468 desiderat

453 1485 679 1523 ³²Abierunt
699 1491 827 1522 autem
848 1483 913 1534 qui

455 1539 561 1578 missi
581 1544 690 1577 erant
709 1545 746 1576 et
764 1538 854 1576 inue

455 1599 595 1632 nerunt
615 1593 713 1631 sicut
732 1592 827 1631 dixit
846 1592 873 1630 il

454 1681 522 1719 Lis
541 1681 599 1719 ihs
618 1679 765 1731 pullum
784 1685 870 1718 sta·-

455 1742 536 1774 tem

453 1790 541 1827 saEt
560 1788 800 1828 soluentibus
818 1787 890 1826 illis

455 1844 634 1882 dixerunt
653 1843 719 1881 dni
740 1843 822 1881 eius

455 1898 505 1937 ad
525 1898 610 1937 illos
629 1897 720 1949 quid
740 1895 889 1935 soluitis

455 1952 603 2003 pullum

454 2006 553 2044 ³⁴Ad
572 2006 624 2044 illi
644 2005 823 2043 dixerunt
842 2004 929 2043 dr‘r'rs

456 2073 577 2110 opera
600 2060 680 2098 eius
701 2059 833 2097 deside

456 2122 515 2153 rat
697 2113 770 2151 ³⁵et
789 2113 889 2151 duxe

456 2174 546 2207 runt
564 2167 668 2206 illum
689 2167 738 2205 ad
758 2167 838 2204 ihm

457 2229 496 2262 et
515 2223 753 2261 iactauerunt
773 2233 843 2259 ues

456 2278 618 2316 timenta
637 2287 708 2314 sua
727 2286 844 2325 super

457 2331 607 2382 pullum
626 2337 664 2369 et
684 2330 849 2380 inposue

456 2392 546 2424 runt
565 2385 646 2423 ihm

455 2440 617 2478 ⁸⁶Eunte
636 2444 765 2477 autem
785 2437 849 2476 illo

457 2493 756 2532 substernebant
774 2503 844 2530 ues

456 2548 617 2586 timenta
637 2559 708 2586 sua
726 2546 766 2584 in
785 2546 878 2584 uia-

457 2602 542 2640 ”Et
561 2613 652 2640 curn
671 2600 915 2651 adpropiaret

459 2656 536 2696 iam
556 2656 605 2694 ad
625 2655 858 2694 descensum

459 2710 603 2748 montis
642 2709 774 2747 oliueti
794 2721 838 2747 ce

459 2769 599 2814 perunt
619 2774 757 2800 omnes
777 2770 838 2800 tur

459 2818 532 2855 bae
551 2816 762 2866 gaudentes
781 2817 844 2854 lau

460 2871 553 2910 dare
571 2869 641 2908 dm
717 2881 814 2908 uoce

460 2936 606 2975 magna
624 2922 831 2963 ⁸⁸dicentes
851 2925 900 2962 be

690 214 736 254 E
738 213 866 253 UAN
864 212 1014 253 GELI
1014 213 1112 255 UM
1131 213 1243 253 SEC

992 343 1181 383 Nedictus
1200 343 1266 395 qui
1285 344 1391 382 uenit

990 399 1033 436 in
1053 399 1210 437 nornine
1231 398 1311 436 dffii
1331 399 1380 436 be

991 453 1168 491 nedictus
1186 465 1252 491 rex
1272 464 1349 503 pax
1368 453 1408 490 in

990 507 1100 546 caelo
1119 514 1156 545 et
1174 507 1300 557 gloria
1318 507 1359 545 in

989 561 1153 600 excelsis

989 615 1075 654 ⁸⁹Et
1094 614 1252 665 quidam
1272 614 1451 666 phariseo

989 682 1076 708 rum
1096 670 1144 708 de
1163 670 1275 707 turba
1295 669 1385 708 dixe

988 730 1078 762 runt
1096 723 1147 762 ad
1166 724 1274 761 illum
1293 736 1359 762 ma

989 778 1107 828 gister
1126 778 1282 828 increpa
1300 778 1385 816 illos

989 831 1264 882 ⁴⁰Quibusipse
1277 832 1372 870 dixit
1400 831 1489 870 dico

989 886 1103 924 uobis
1137 886 1168 924 si
1188 886 1226 923 hi
1246 885 1419 924 tacueri-

988 941 1137 988 lapides
1156 940 1364 978 clamabu-

989 994 1074 1032 ⁴¹Et
1092 1006 1181 1032 cum
1201 994 1407 1044 adpropias

990 1055 1047 1087 set
1068 1048 1204 1087 uidens
1224 1049 1340 1086 ciuita

989 1109 1068 1141 tem
1105 1102 1212 1140 fleuit
1230 1114 1345 1152 super

989 1157 1098 1195 illum
1117 1157 1252 1195 dicens
1285 1154 1398 1206 ⁴²qua

990 1212 1021 1249 si
1042 1211 1297 1261 cognouisses
1316 1216 1357 1248 tu
1390 1217 1428 1249 et

989 1266 1147 1316 quidem
1167 1265 1207 1303 in
1227 1265 1300 1303 hac
1321 1265 1385 1303 die
1404 1272 1471 1303 tua

988 1332 1088 1371 quae
1107 1320 1157 1358 ad
1176 1331 1316 1369 pacem
1352 1319 1421 1358 tibi

989 1386 1095 1412 nunc
1114 1385 1207 1412 uero
1227 1374 1374 1412 abscon

990 1429 1071 1467 dita
1089 1434 1178 1466 sunt
1197 1428 1246 1466 ab
1266 1427 1388 1466 oculis

989 1483 1063 1520 tuis
1100 1482 1227 1533 ⁴⁸quia
1246 1482 1403 1520 uenient

988 1537 1071 1575 dies
1090 1537 1130 1574 in
1149 1542 1186 1574 te
1207 1542 1244 1575 et
1264 1536 1411 1575 circum

988 1591 1136 1630 dabunt
1155 1596 1191 1629 te
1210 1591 1354 1629 inimici

990 1678 1070 1716 Tui
1090 1677 1193 1716 uallo
1227 1684 1265 1716 et
1285 1678 1430 1716 circum

989 1733 1102 1771 ibunt
1121 1738 1158 1769 te
1178 1737 1216 1770 et
1235 1732 1455 1770 obsidebu-

990 1793 1027 1825 te
1046 1785 1149 1824 uallo
1168 1786 1339 1835 undique
1371 1786 1445 1823 4⁴et

990 1841 1040 1880 ad
1059 1848 1200 1879 terram
1219 1847 1368 1890 proster

991 1901 1084 1934 nent
1104 1901 1140 1933 te
1160 1902 1198 1933 et
1217 1895 1316 1933 filios
1336 1893 1402 1944 qui
1421 1893 1461 1932 in

989 1957 1027 1988 te
1047 1955 1135 1987 sunt
1154 1955 1192 1987 et
1212 1961 1293 1986 non
1313 1948 1409 1986 relin

991 2011 1082 2055 quet
1103 2003 1270 2054 lapidem
1289 2015 1405 2052 supra

991 2058 1163 2109 lapidem
1183 2058 1223 2095 in
1242 2064 1279 2095 te
1298 2057 1437 2095 uniuer

991 2124 1034 2151 sa
1054 2126 1101 2151 eo
1123 2112 1228 2161 quod
1249 2123 1330 2149 non
1349 2123 1426 2160 cog

991 2167 1145 2206 noueris
1164 2173 1316 2216 tempus
1334 2165 1407 2203 uisi

990 2221 1146 2260 tationis
1165 2227 1264 2258 tuae·
1377 2216 1492 2272 [plu-

990 2275 1076 2313 ⁴⁶Et
1102 2276 1299 2324 ingressus
1327 2273 1368 2311 in
1392 2280 1491 2311 tem-

993 2329 1126 2380 coepit
1145 2329 1271 2367 eicere
1289 2327 1447 2366 uende‘·

991 2389 1050 2422 tes
1070 2385 1110 2422 in
1128 2383 1195 2421 illo
1214 2389 1252 2420 et
1270 2387 1446 2420 ementes

991 2444 1029 2476 et
1049 2448 1204 2476 mensas
1223 2447 1387 2474 nummu

991 2491 1174 2530 lariorum
1192 2490 1326 2528 effudit
1345 2495 1384 2527 et

992 2545 1166 2585 catedras
1184 2544 1425 2582 uendentiu-

992 2600 1194 2639 columbas
1212 2598 1347 2636 euertit

992 2654 1161 2693 “dicens
1181 2653 1251 2692 illis
1270 2652 1443 2691 scribtu-

991 2715 1051 2748 est
1178 2707 1319 2746 domus

1049 2774 1138 2801 mea
1156 2762 1297 2801 domus
1315 2772 1384 2800 ora

1048 2817 1162 2855 tionis
1182 2823 1239 2854 est
1258 2828 1329 2855 uos
1349 2827 1398 2853 au

1048 2878 1126 2910 tem
1147 2870 1288 2909 fecistis
1308 2869 1399 2908 illa·

1048 2925 1271 2976 speluncam
1290 2924 1389 2963 latro

1346 3056 1412 3082 XXI

1914 212 2215 253 LUCANUM
2267 211 2363 268 [xxx.
2385 226 2518 262 27-xx.
2539 226 2591 264 ιγ.

1561 301 1645 331 1¹01.
1661 302 1742 331 138.

1704 342 1812 380 Nurn

1558 397 1642 435 ⁴⁷Et
1662 403 1744 436 erat
1763 397 1912 435 doeens
1931 398 2025 436 cotti

1558 451 1619 490 die
1641 452 1679 489 in
1700 450 1845 501 templo
1893 451 1981 501 pri-

1557 506 1663 556 cipes
1682 512 1811 544 autem
1830 517 1940 544 sacer

1558 560 1692 598 dotum
1711 566 1749 598 et
1769 559 1916 598 scribae

1557 622 1594 652 et
1613 614 1843 664 principales
1863 613 1985 664 plebis

1557 670 1771 718 querebant
1789 668 1895 706 illum
1915 679 1985 718 per

1558 723 1647 761 dere
1685 723 1758 761 ⁴⁸et
1775 734 1857 761 non
1877 722 1967 760 inue

1557 778 1716 815 niebant
1734 776 1827 827 quid
1846 776 1930 815 face

1556 837 1641 869 rent
1661 830 1711 868 illi
1730 842 1867 870 omnes
1884 830 1976 869 eni·-

1557 885 1726 936 populus
1746 896 1956 935 suspensus

1557 946 1638 978 erat
1658 940 1819 981 audiens
1838 939 1946 976 illum
1995 936 2056 992 [in

1556 1004 1683 1031 Lxrnt
1696 1001 1733 1032 20
1748 992 1826 1031 1Et
1831 994 1987 1043 sactum
2005 998 2060 1032 est

1556 1061 1634 1087 una
1653 1048 1803 1086 dierum
1822 1048 1947 1086 doce*

1557 1110 1594 1141 te
1614 1115 1661 1141 eo
1681 1102 1828 1153 populo
1847 1102 1888 1139 in
1908 1108 1988 1140 tem

1558 1157 1623 1207 plo
1644 1162 1683 1196 et
1701 1156 1954 1207 euangelizan

1557 1219 1595 1250 te
1673 1217 1943 1250 conuenerunt

1556 1265 1748 1316 principes
1767 1264 1928 1303 sacerdo

1557 1327 1639 1358 turn
1660 1326 1697 1358 et
1717 1319 1866 1357 scribae
1895 1324 1973 1357 cu-

1556 1374 1769 1413 senioribus
1788 1373 1847 1411 'et
1866 1372 1972 1411 aiunt

1556 1428 1727 1466 dicentes
1760 1427 1811 1465 ad
1829 1427 1935 1464 illum

1556 1482 1618 1521 dic
1638 1481 1751 1520 nobis
1771 1481 1811 1519 in
1831 1493 1909 1532 qua
1927 1487 2037 1531 potes

1556 1543 1634 1575 tate
1653 1536 1747 1574 haee
1768 1535 1860 1573 facis
1894 1542 1961 1573 aut

1557 1591 1644 1642 quis
1664 1597 1722 1629 est
1742 1590 1806 1640 qui
1828 1589 1933 1628 dedit
1951 1589 2020 1628 tibi

1558 1677 1675 1716 Hanc
1694 1683 1926 1728 potestatem

1557 1731 1813 1782 ³Respondes
1834 1736 1964 1770 autem
1983 1730 2043 1768 ihs

1558 1786 1654 1825 dixit
1673 1785 1723 1824 ad
1742 1785 1826 1824 illos
1846 1785 1944 1823 inter

1559 1841 1707 1890 rogabo
1726 1847 1763 1878 et
1782 1852 1854 1878 uos
1873 1851 1949 1888 ego

1559 1894 1781 1945 respondite
1800 1894 1894 1931 mihi
1913 1894 2011 1944 ⁴bap

1558 1949 1714 1988 tismum
1733 1947 1912 1987 iohannis

1558 2003 1606 2042 de
1627 2003 1712 2041 celo
1732 2009 1812 2040 erat
1831 2015 1882 2040 an
1900 2014 1949 2041 ex

1557 2057 1779 2095 hominibus

1558 2111 1643 2150 ⁵Ad
1662 2111 1713 2150 illi
1733 2110 1958 2160 cogitabant
1976 2109 2016 2148 in

1558 2173 1613 2204 ter
1633 2178 1675 2204 se
1695 2165 1865 2203 dicentes
1885 2164 1916 2202 si

1557 2220 1766 2258 dixerimus
1785 2219 1833 2257 de
1853 2230 1923 2257 cae

1557 2274 1596 2313 lo
1634 2274 1737 2312 dicet
1757 2284 1875 2324 quare
1895 2277 1977 2312 no*

1559 2328 1772 2367 credidistis
1791 2328 1843 2365 illi
1863 2327 1915 2366 ⁶si
1935 2339 1984 2365 au

1558 2389 1637 2421 tem
1656 2382 1864 2420 dixerimus
1883 2382 1934 2419 ab

1559 2437 1781 2475 hominibus
1799 2435 1908 2486 plebs

1559 2490 1741 2529 uniuersa
1759 2489 1943 2539 lapidabit

1559 2556 1634 2583 nos
1688 2550 1837 2583 certum
1857 2543 1949 2581 eni-

1559 2605 1617 2637 est
1635 2597 1844 2636 iohannem
1863 2608 1934 2647 pro

1559 2653 1716 2703 phetam
1735 2652 1851 2691 fuisse
1870 2652 1929 2690 ''et
1946 2663 2007 2690 res

1560 2706 1780 2758 ponderunt
1798 2718 1840 2745 se
1859 2705 1965 2744 nesci

1560 2774 1599 2800 re
1619 2761 1723 2800 unde
1832 2760 1889 2799 ⁸et
1907 2760 1966 2799 ihs

1560 2816 1612 2854 ait
1630 2816 1702 2854 illis
1721 2827 1848 2865 neque
1866 2826 1941 2865 ego
1959 2814 2047 2853 dico

1560 2870 1600 2908 in
1637 2882 1715 2921 qua
1750 2875 1937 2920 potestate
1983 2868 2059 2907 hoc

1940 2920 2058 2975 [facio

1558 2987 1636 3015 va
1649 2977 1799 3028 ”Coepit
1814 2981 1932 3015 aulem
1952 2976 2012 3014 ihs

2092 342 2232 382 Dicere
2252 344 2302 383 ad
2321 343 2465 394 plebe*

2091 396 2193 437 hanc
2212 398 2435 449 parabolam

2090 450 2258 491 Uineam
2277 453 2464 503 plantauit

2090 504 2211 545 homo
2229 513 2268 545 et
2285 507 2429 545 locauit
2446 512 2522 545 ea-

2045 579 2048 582 ·
2090 559 2238 599 colonis
2258 567 2295 599 et
2316 561 2398 610 ipse
2416 573 2467 612 pe

2090 613 2195 664 legre
2213 614 2281 653 fuit
2298 615 2426 653 multis

2090 669 2328 718 temporibus
2360 668 2434 707 ¹⁰et
2452 680 2533 720 quo

2092 721 2183 760 dam
2202 728 2375 772 tempore
2394 723 2448 760 mi

2092 776 2139 815 sit
2158 776 2208 814 ad
2226 776 2391 815 cultores
2410 787 2470 815 ser

2091 842 2185 868 uum
2204 842 2318 869 suurn
2339 830 2387 868 de
2405 830 2489 869 fruc

2090 890 2132 922 tu
2152 884 2288 923 uineae
2308 885 2444 923 darent
2461 884 2514 923 illi

2091 939 2221 977 coloni
2241 945 2370 977 autem
2388 938 2482 976 illu-

2089 1005 2249 1032 caesum
2269 993 2481 1032 dimiseru-

2089 1048 2247 1085 inanem
2338 1047 2408 1086 1¹et
2425 1047 2476 1085 ad

2090 1101 2186 1140 didit
2206 1101 2369 1140 alterum
2387 1101 2459 1139 mit

2090 1162 2169 1195 tere
2189 1168 2345 1194 seruum
2364 1155 2415 1194 illi

2089 1217 2219 1248 autem
2237 1217 2275 1248 et
2293 1209 2397 1248 hunc
2417 1221 2497 1260 quo

2089 1276 2165 1315 que
2185 1276 2343 1302 caesum
2362 1269 2401 1301 et
2420 1264 2501 1301 sine

2089 1318 2240 1357 honore
2258 1318 2467 1357 dimiseru-

2088 1372 2244 1410 inanem

2089 1427 2175 1465 nEt
2194 1425 2341 1465 addidit
2359 1425 2516 1464 tertium

2087 1481 2237 1519 mittere
2257 1486 2295 1518 et
2313 1480 2422 1518 illum

2087 1534 2330 1573 uulneratum
2344 1534 2427 1573 eice

2089 1595 2179 1627 runt

2088 1674 2231 1714 ¹³Dixit
2250 1681 2379 1714 autem
2398 1675 2470 1714 dfis
2490 1675 2579 1714 uine

2090 1743 2136 1769 ae
2157 1730 2250 1781 quid
2269 1730 2407 1769 faciam
2426 1730 2497 1769 mit

2090 1791 2171 1823 tam
2191 1785 2312 1822 filium
2331 1796 2464 1823 meum

2090 1839 2333 1878 carissimum
2354 1839 2445 1877 forsi

2091 1900 2172 1932 tam
2191 1893 2296 1931 hunc
2315 1893 2490 1931 uerebu-

2090 1953 2151 1986 tur
2241 1947 2391 1998 ¹⁴quem
2412 1958 2503 1985 cum

2090 2001 2269 2040 uiderunt
2287 2001 2415 2040 coloni
2433 2013 2482 2040 co

2090 2055 2311 2106 gitauerunt
2331 2061 2368 2094 et
2389 2056 2489 2093 intra

2091 2122 2132 2148 se
2153 2110 2323 2149 dicentes
2342 2109 2403 2148 hic
2421 2115 2480 2148 est

2090 2163 2191 2202 heris
2210 2163 2435 2202 occidamus

2089 2218 2196 2256 illum
2214 2224 2252 2256 et
2271 2224 2402 2256 nostra
2421 2217 2488 2256 fiat

2090 2272 2283 2311 hereditas
2319 2270 2391 2309 ¹⁵et
2410 2272 2493 2310 eiec

2089 2332 2173 2365 tum
2191 2326 2297 2364 illurn
2316 2333 2422 2364 extra
2439 2326 2479 2363 ui

2089 2392 2205 2419 neam
2224 2380 2445 2419 occiderunt

2089 2434 2182 2485 quid
2201 2445 2294 2484 ergo
2313 2433 2424 2472 faciet
2442 2433 2468 2472 il

2089 2488 2136 2527 lis
2156 2489 2242 2527 dffis
2261 2488 2399 2526 uineae
2429 2488 2512 2526 ¹‘ue

2091 2543 2171 2581 niet
2189 2550 2227 2581 et
2245 2542 2378 2593 perdet
2398 2542 2488 2581 colo

2090 2609 2165 2636 nos
2184 2597 2277 2636 istos
2296 2603 2334 2635 et
2353 2597 2459 2635 dabit
2477 2597 2516 2635 ui

2090 2663 2205 2690 neam
2226 2651 2307 2690 aliis

2091 2705 2212 2753 Quod
2231 2705 2363 2745 audito
2382 2704 2543 2743 dixeru‘

2089 2760 2142 2798 illi
2161 2760 2259 2798 absit

2091 2814 2118 2836 ¹⁷
2125 2814 2193 2852 Ille
2213 2820 2342 2851 autem
2360 2810 2553 2861 aspiciens

2090 2868 2177 2906 illos
2195 2867 2247 2905 ait
2265 2866 2337 2904 illis
2370 2865 2463 2916 quid
2481 2870 2540 2903 est

2090 2933 2183 2973 ergo
2202 2920 2278 2959 hoc
2296 2919 2402 2971 quod
2421 2919 2525 2971 scrip
