2820 3334
478 206 529 252 64

475 291 559 322 1¹01.
575 291 655 322 125.

474 333 562 372 ²⁰Et
581 334 717 372 iterum
737 333 831 372 dixit
850 333 913 372 cui
933 333 964 371 si

473 388 563 426 mile
583 388 848 426 aestimabitur

472 454 637 492 regnum
657 441 698 479 di
753 442 779 464 ²¹
789 442 912 480 simile

472 504 529 535 est
549 495 738 534 fermento
759 496 865 546 quod

470 551 677 600 adceptum
697 550 832 587 mulier

469 604 671 642 abscondit
690 604 729 641 in
749 604 902 642 farina—

468 658 595 697 donec
615 657 887 696 fermentatum

468 720 527 750 est
547 717 673 750 totum
834 709 969 765 [cz'uz'la

467 766 580 803 ΧΠ]22
598 765 657 804 Et
673 766 751 804 ibat
767 766 827 805 ihs
837 774 910 816 per

465 825 524 858 tes
543 826 580 858 et
598 821 753 859 castella
772 820 917 859 docens

466 880 505 912 et
524 874 596 912 iter
614 874 761 913 faciens
780 875 820 912 in
840 875 902 913 ihe

465 928 634 966 rusalem

465 981 551 1020 23Εῑ
570 983 622 1021 ait
641 982 693 1020 illi
713 982 871 1032 quidam
889 982 965 1021 dfie

464 1037 579 1086 pauci
598 1043 687 1074 sunt
705 1036 771 1086 qui
791 1037 886 1074 salui

464 1090 557 1128 fiant
595 1090 676 1140 ipse
695 1097 823 1128 autem
844 1091 883 1129 di

463 1144 519 1182 xit
539 1144 588 1183 ad
608 1144 691 1182 illos

462 1197 734 1236 2⁴Contendite
754 1198 895 1237 intrare

462 1265 531 1302 per
550 1260 757 1302 angustum
778 1253 850 1291 hos

461 1307 559 1344 tium
597 1307 687 1357 quia
706 1307 792 1345 dico
811 1319 862 1345 uo

461 1361 522 1398 bis
540 1361 649 1399 multi
668 1368 833 1411 querunt

461 1414 602 1453 intrare
622 1421 660 1453 et
678 1427 758 1453 non
777 1422 868 1465 pote

461 1475 550 1507 runt
567 1467 691 1507 ²⁵cum
711 1475 841 1507 autem

461 1523 656 1561 intrauerit
674 1523 822 1573 paterfa

460 1577 585 1617 milias
603 1584 642 1616 et
659 1578 811 1616 cluserit

460 1719 603 1758 ostium
623 1725 662 1758 et
680 1719 821 1770 incipie

459 1774 508 1812 tis
527 1773 619 1812 foris
638 1780 736 1812 stare
774 1781 813 1813 et
831 1774 898 1825 pul

459 1840 544 1866 sare
564 1829 706 1867 ostium
725 1828 843 1866 dice·

460 1889 517 1920 tes
537 1883 613 1920 dne
634 1883 710 1920 dfie
730 1883 837 1932 aperi

459 1937 572 1974 nobis
592 1943 630 1974 et
650 1937 862 1986 respondes

459 1989 593 2028 dicens
613 1991 744 2029 nescio
764 2004 836 2030 uos

459 2044 563 2082 unde
583 2045 662 2082 sitis
680 2044 807 2083 ²⁶tunc
827 2046 867 2082 in

459 2098 608 2148 cipietis
627 2098 753 2137 dicere
773 2107 867 2137 ma-

459 2152 686 2190 ducauimus
707 2165 838 2191 coram

459 2213 497 2245 te
517 2206 684 2244 uiuimus
703 2213 741 2244 et
759 2207 799 2244 in
817 2207 882 2257 pla

459 2261 531 2299 teis
550 2261 693 2299 nostris
713 2260 813 2299 docu

459 2315 522 2353 isti
541 2314 645 2353 ”sed
664 2315 765 2353 dicet
784 2315 894 2353 uobis

460 2369 596 2408 nescio
616 2368 718 2407 unde
737 2369 818 2408 sitis

459 2423 587 2461 recide
607 2435 630 2462 a
649 2435 712 2461 me
733 2435 870 2462 omnes

459 2477 609 2527 operari
629 2477 838 2527 iniquitatis

459 2530 547 2569 ²⁸ibi
566 2532 636 2569 erit
655 2531 766 2569 fletus
785 2538 822 2570 et
841 2531 907 2570 stri

461 2585 532 2623 dor
550 2585 724 2623 dentium
779 2598 871 2624 cum

461 2639 630 2678 uideritis
649 2639 834 2678 abraham

461 2698 501 2731 et
519 2693 598 2731 isac
617 2700 654 2731 et
674 2694 786 2732 iacob
805 2700 843 2732 et
861 2706 928 2733 om

461 2758 533 2784 nes
552 2747 721 2796 profetas
740 2749 841 2787 intro

461 2807 598 2838 euntes
618 2800 657 2837 in
676 2813 840 2850 regnum
858 2802 900 2841 di

460 2865 534 2893 uos
553 2860 681 2892 autem
700 2855 839 2904 expelli

462 2907 566 2946 foras
658 2907 730 2945 ”et
749 2909 840 2946 ueni

463 2969 529 3001 ent
548 2962 598 3001 ab
617 2961 763 3001 oriente
783 2969 820 3000 et
839 2974 887 3001 oc

714 202 1131 243 EUANGELIUM
1151 202 1264 243 SEC

1009 333 1214 372 Cidentem
1234 341 1271 373 et
1291 335 1381 385 aqui

1008 387 1098 426 lone
1118 395 1156 426 et
1176 396 1307 428 austro
1325 396 1363 427 et

1006 443 1236 480 recumbent
1254 444 1294 481 in
1312 455 1382 493 reg

1006 508 1060 534 no
1079 496 1120 534 di
1175 497 1247 535 ³⁰et
1267 510 1357 536 ecce
1378 504 1467 536 sunt

1004 550 1205 588 nouissimi
1225 551 1291 602 qui
1310 559 1410 590 eru*

1004 604 1116 654 primi
1137 611 1175 643 et
1194 612 1281 643 sunt
1301 606 1415 655 primi

1003 659 1069 709 qui
1089 666 1201 697 erunt
1220 660 1422 698 nouissimi

1003 713 1132 752 ΧΜΗ31
1153 713 1205 752 In
1224 715 1309 764 ipsa
1328 715 1384 751 dz‘e
1402 715 1469 751 ad-

1321 765 1506 821 [cesseru‘

1001 822 1159 872 quidam
1179 822 1358 872 phariseo

1001 889 1087 914 rum
1107 877 1276 915 dieentes
1296 876 1347 914 illi

1000 931 1063 968 exi
1082 931 1181 968 uade
1201 930 1291 968 hinc
1312 930 1402 980 quia

1000 984 1166 1023 herodes
1184 984 1250 1022 uul
1270 991 1306 1023 te
1326 996 1374 1023 oc

998 1038 1127 1077 cidere

997 1092 1083 1130 32Εῐ
1103 1093 1154 1131 ait
1173 1092 1244 1131 illis
1263 1092 1313 1130 ite
1332 1092 1447 1131 dicite

998 1146 1105 1197 uulpi
1124 1147 1176 1185 illi
1195 1159 1285 1185 ecce
1304 1147 1402 1185 eicio

998 1201 1182 1240 demonia
1200 1207 1238 1239 et
1257 1201 1381 1239 sanita

998 1261 1057 1293 tes
1074 1255 1229 1305 perficio
1249 1255 1364 1293 hodie

997 1314 1036 1348 et
1056 1321 1140 1348 cras
1160 1315 1197 1347 et
1216 1308 1391 1360 sequenti

997 1364 1301 1402 consummabor

996 1417 1081 1456 ⁸³ite
1097 1417 1188 1468 quia
1207 1430 1288 1456 non
1304 1417 1407 1467 capit
1425 1429 1497 1468 pro

996 1471 1153 1522 phetam
1172 1473 1296 1522 perire
1316 1484 1364 1510 ex

996 1533 1055 1564 tra
1074 1525 1302 1564 iherusalem

995 1580 1276 1619 8⁴Hierusalem
1296 1579 1405 1618 hieru

996 1634 1117 1673 salem
1137 1647 1238 1686 quae
1257 1634 1401 1673 occidis

995 1720 1209 1772 Prophetas
1228 1728 1266 1760 et
1284 1721 1432 1771 lapidas

994 1787 1065 1814 eos
1084 1776 1150 1827 qui
1168 1776 1371 1814 mittuntur

995 1830 1046 1868 ad
1064 1835 1101 1868 te
1176 1842 1291 1880 saepe
1310 1829 1418 1868 uolui

994 1896 1231 1934 congregare
1250 1884 1349 1922 filios

995 1945 1081 1976 tuos
1118 1938 1355 1989 quemadmo

995 1992 1089 2031 dum
1108 1993 1271 2043 gallinas
1291 1992 1418 2043 pullos

995 2058 1087 2085 suos
1106 2048 1180 2085 sub
1199 2047 1279 2085 alas
1316 2053 1354 2085 et
1372 2045 1467 2085 nolu

994 2101 1076 2140 istis
1148 2101 1274 2140 ⁸⁵ecce
1293 2101 1390 2139 relin

994 2162 1132 2205 quetur
1150 2155 1264 2193 uobis
1285 2156 1426 2194 domus

994 2216 1122 2247 uestra
1176 2209 1263 2247 dico
1282 2210 1394 2248 uobis

995 2275 1076 2301 non
1094 2263 1270 2301 uidebitis
1290 2276 1353 2301 me
1374 2263 1426 2301 do

995 2329 1067 2355 nec
1086 2317 1202 2355 uenia
1220 2329 1311 2355 eum
1332 2317 1415 2356 dice

995 2371 1043 2409 tis
1062 2371 1289 2409 benedictus
1308 2371 1374 2421 qui
1394 2383 1443 2409 ue

994 2425 1050 2463 nit
1069 2425 1108 2462 in
1128 2425 1283 2463 nomine
1308 2425 1387 2463 dmi

996 2487 1108 2515 an
1125 2478 1178 2517 14¹
1199 2478 1259 2516 Et
1267 2479 1423 2530 sactum
1446 2483 1499 2517 est

1377 2530 1439 2585 [ut
1454 2534 1494 2570 in

996 2592 1111 2625 traret
1130 2587 1169 2624 in
1189 2586 1350 2625 domum
1371 2599 1419 2626 cu

994 2640 1146 2679 iusdam
1165 2641 1346 2691 principis
1365 2641 1444 2692 pha

994 2695 1209 2734 risaeorum
1224 2696 1385 2734 sabbato

994 2749 1228 2788 manducare
1247 2762 1389 2800 panem

993 2810 1031 2841 et
1050 2803 1123 2853 ipsi
1142 2804 1404 2843 obseruabant

993 2869 1084 2895 eum

994 2909 1064 2948 2Εῐ
1083 2923 1175 2950 ecce
1194 2910 1314 2951 homo
1334 2910 1458 2961 hydro

994 2965 1102 3013 picus
1121 2971 1202 3003 erat
1221 2972 1310 3004 ante
1329 2965 1434 3003 illum

993 3018 1063 3055 8Εῐ
1078 3019 1317 3068 respondens
1330 3019 1425 3058 dixit
1437 3019 1494 3058 ihs

1915 206 2220 247 LUCANUM
2267 207 2370 263 [xm.
2391 225 2538 252 ao-xxv.
2560 227 2612 251 21.

1577 293 1663 324 1¹01.
1677 294 1758 325 126.

1577 336 1640 374 Ad
1660 336 1755 386 legis
1775 337 1917 387 peritos
1935 344 1974 376 et

1577 390 1776 439 phariseos
1797 391 1929 429 dicens
1949 392 1981 429 si

1576 444 1662 482 licet
1682 445 1845 484 sabbato
1864 457 1997 484 curare

1575 498 1715 536 ⁴ad-i11i
1735 505 1934 537 tacuerunt

1575 551 1666 602 Ipse
1685 564 1778 591 uero
1798 553 1994 603 adprehen

1576 618 1661 644 sum
1680 619 1770 645 eum
1790 608 1940 645 sanauit
1979 620 2024 647 ac

1575 660 1716 699 dimisit
1737 661 1843 699 illum
1882 661 1939 700 ⁶et
1959 662 1997 699 di

1573 715 1628 753 xit
1648 715 1696 753 ad
1715 715 1800 754 illos
1821 715 1929 754 cuius
1949 728 2018 754 ues

1573 775 1673 807 trum
1692 769 1821 807 asinus
1840 776 1906 807 aut
1926 771 1998 808 bus

1572 823 1612 860 in
1632 830 1750 872 puteo
1770 823 1872 862 cadit
1891 830 1929 862 et
1947 836 2030 863 non

1570 877 1755 915 continuo
1773 877 1935 916 extrahit

1569 930 1676 969 illum
1697 931 1757 970 die
1778 932 1937 970 sabbati·

1568 985 1639 1023 8Εῐ
1653 997 1731 1023 non
1743 993 1920 1036 poterant
1934 986 1983 1024 ad
1998 986 2069 1025 hec

1567 1040 1799 1089 respondere
1818 1039 1870 1077 illi
1924 1041 1984 1079 ⁷di

1567 1094 1707 1131 cebant
1726 1101 1855 1132 autem
1875 1101 1913 1133 et
1932 1094 1983 1132 ad

1566 1147 1749 1186 inuitatos
1769 1148 1993 1198 parabolam

1567 1201 1772 1240 intendens
1792 1214 1936 1252 quomo

1568 1255 1619 1294 do
1637 1256 1783 1306 primus
1802 1257 1951 1295 discubi

1566 1316 1627 1348 tos
1646 1309 1854 1359 eligebant·
1875 1310 2007 1350 dicens

1566 1364 1616 1402 ad
1634 1363 1721 1403 illos

1566 1417 1689 1456 ⁸Cum
1707 1417 1888 1456 inuitatus
1908 1418 1993 1469 quis

1566 1472 1675 1510 fuerit
1694 1472 1743 1510 ad
1763 1472 1917 1522 nuptias
1936 1478 2022 1512 no-

1566 1525 1769 1564 discunbat
1788 1526 1829 1563 in
1847 1527 1974 1575 primo

1566 1581 1603 1618 in
1625 1581 1725 1619 loco·
1745 1592 1794 1618 ne
1813 1580 1908 1619 sorte
1928 1581 1980 1619 ho

1566 1721 1748 1760 Noratior
1768 1727 1804 1760 te
1825 1722 1871 1761 sit

1564 1782 1725 1815 uocatus
1764 1775 1821 1814 ⁹et
1840 1776 1934 1815 adce

1803 1834 1835 1862 et

1564 1874 1660 1912 dens
1681 1874 1746 1924 qui
1766 1881 1802 1912 te
1821 1874 1928 1912 illum
1950 1886 2000 1913 uo

1565 1929 1665 1966 cauit
1685 1929 1787 1966 dicat
1807 1929 1874 1966 tibi
1895 1929 1944 1966 da

1563 1982 1652 2020 huic
1671 1982 1800 2020 locum
1819 1989 1856 2021 et
1875 1983 1952 2021 inci

1562 2037 1671 2087 piens
1690 2048 1779 2075 cum
1799 2037 1939 2074 rubore

1563 2090 1817 2129 nouissimum
1836 2091 1967 2129 locum

1563 2151 1691 2183 tenere
1746 2144 1848 2183 ¹⁰sed
1869 2157 1958 2183 cum

1562 2205 1724 2237 uocatus
1744 2198 1858 2237 fueris
1877 2211 1929 2237 ua

1563 2252 1612 2291 de
1632 2253 1816 2291 recumbe
1835 2253 1875 2291 in
1894 2265 1948 2291 no

1562 2307 1722 2345 uissimo
1740 2307 1828 2345 loco
1866 2314 1907 2345 ut
1926 2311 2008 2345 cu·-

1563 2362 1709 2400 uenerit
1729 2362 1795 2411 qui
1813 2368 1851 2399 te
1871 2361 1950 2399 inui

1562 2415 1656 2453 tauit
1712 2415 1813 2453 dicat
1833 2415 1900 2453 tibi
1919 2415 1997 2453 ami

1563 2481 1606 2507 ce
1626 2469 1773 2508 adcede
1793 2469 1967 2519 superius

1563 2530 1654 2561 tunc
1675 2523 1743 2560 erit
1762 2523 1831 2560 tibi
1850 2523 1972 2572 gloria

1563 2589 1694 2615 coram
1713 2577 1826 2615 simul
1846 2578 1983 2615 discu-

1562 2632 1741 2670 bentibus
1815 2630 1936 2681 1¹quia

1562 2686 1690 2724 omnis
1708 2685 1775 2735 qui
1794 2697 1835 2723 se
1855 2685 1996 2724 exaltat

1562 2739 1821 2778 humiliabitur
1858 2740 1980 2791 etqui

1563 2806 1604 2832 se
1624 2793 1798 2832 humiliat
1816 2793 1943 2832 exalta

1563 2849 1665 2886 bitur

1562 2902 1590 2924 ¹²
1598 2902 1761 2941 Dicebat
1779 2907 1908 2940 autem
1927 2908 1965 2940 et
1983 2900 2025 2940 in

1562 2956 1727 2994 uitatori·
1748 2967 1839 2994 cum
1858 2955 1951 2994 facis

1563 3010 1769 3060 prandium
1789 3016 1854 3048 aut
1873 3014 2002 3048 cena-

2112 337 2204 377 Noli
2223 350 2362 378 uocare
2381 341 2458 379 ami

2109 404 2179 430 cos
2198 398 2285 432 tuos
2304 406 2431 445 neque
2451 395 2507 434 fra

2109 452 2187 485 tres
2206 453 2292 486 tuos
2311 460 2438 499 neque
2458 461 2536 499 cog

2109 507 2220 539 natos
2239 513 2364 552 neque
2383 503 2459 541 uici

2108 565 2181 592 nos
2200 567 2326 605 neque
2346 556 2472 595 diuitis

2107 619 2158 645 ne
2178 608 2275 647 forte
2295 616 2332 648 et
2351 611 2422 660 ipsi
2442 618 2479 649 te
2498 623 2541 649 re

2106 661 2266 700 inuitent
2285 670 2322 701 et
2341 665 2410 702 erit
2427 665 2495 703 tibi

2106 716 2303 755 retributio
2322 717 2423 756 msed
2442 731 2532 757 cum

2105 768 2200 809 facis
2220 771 2443 810 conuiuium

2105 835 2205 862 uoca
2223 836 2411 874 pauperes
2430 826 2479 864 de

2104 877 2200 916 biles
2219 878 2353 917 clodos
2374 891 2512 918 caecus

2103 931 2176 970 ²⁴et
2195 933 2329 971 beatus
2347 933 2422 972 eris
2441 940 2478 972 et
2497 935 2569 973 bea

2103 992 2163 1024 tus
2185 987 2258 1024 eris
2278 988 2465 1037 quoniam

2286 1050 2308 1071 n

2102 1095 2184 1122 non
2203 1082 2320 1122 habet
2338 1084 2443 1123 unde
2462 1097 2504 1123 re

2101 1138 2266 1176 tribuere
2284 1138 2351 1176 tibi
2372 1139 2460 1177 retri

2101 1192 2239 1230 buetur
2258 1199 2386 1231 autem
2405 1193 2474 1231 tibi

2100 1245 2141 1283 in
2160 1246 2472 1285 resurrectionem

2099 1299 2288 1338 iustorum

2099 1352 2128 1374 ¹⁶
2136 1354 2247 1392 Haec
2267 1366 2355 1392 cum
2375 1354 2543 1393 audisset

2099 1407 2258 1457 quidam
2279 1409 2326 1446 de
2347 1409 2460 1446 simul

2100 1462 2414 1500 discunbentibus
2434 1463 2473 1500 di

2100 1516 2155 1554 xit
2173 1516 2226 1553 illi
2245 1516 2379 1555 beatus
2398 1517 2465 1566 qui
2484 1524 2577 1555 ma·-

2099 1570 2254 1608 dueabit
2273 1582 2415 1620 panem
2435 1571 2476 1608 in

2099 1636 2222 1675 regno
2240 1623 2281 1662 di

2099 1718 2197 1757 ¹⁶Ad
2217 1719 2297 1769 ipse
2312 1718 2407 1758 dixit
2424 1719 2460 1758 ei
2479 1719 2599 1759 homo

2099 1773 2258 1824 quidam
2277 1773 2365 1812 fecit
2385 1781 2509 1813 cena-

2098 1839 2283 1877 magnam
2301 1835 2340 1866 et
2358 1841 2458 1867 uoca

2098 1882 2154 1919 uit
2173 1882 2313 1920 multos
2333 1882 2402 1921 ¹⁷et
2421 1883 2522 1921 misit

2099 1947 2254 1974 seruum
2275 1948 2386 1974 suum
2405 1936 2501 1975 hora

2098 2002 2241 2028 caenae
2260 1997 2302 2028 ut
2320 1990 2461 2029 diceret

2097 2044 2263 2082 inuitatis
2282 2045 2409 2082 uenite
2428 2044 2506 2083 iam

2096 2105 2275 2148 paratum
2294 2105 2352 2136 est
2370 2098 2441 2136 ¹⁸et
2460 2111 2530 2137 coe

2097 2158 2236 2202 perunt
2256 2164 2393 2191 omnes
2413 2153 2526 2190 simul

2097 2218 2282 2245 excusare
2302 2218 2343 2245 se
2380 2207 2527 2257 primus

2097 2260 2190 2299 dixit
2208 2260 2339 2298 uillam
2358 2261 2435 2298 emi
2453 2267 2492 2298 et

2095 2326 2254 2353 necesse
2274 2316 2373 2353 abeo
2392 2314 2496 2353 exire

2095 2375 2134 2406 et
2152 2368 2283 2406 uidere
2303 2368 2406 2406 illam
2442 2381 2487 2407 ro

2095 2433 2148 2472 go
2167 2429 2204 2460 te
2224 2423 2324 2460 habe
2343 2435 2407 2460 me
2425 2435 2524 2461 excu

2095 2483 2222 2514 satum
2296 2476 2367 2516 ¹⁹et
2386 2477 2477 2515 alter
2497 2477 2536 2515 di

2095 2531 2150 2568 xit
2169 2530 2259 2580 iuga
2278 2531 2399 2569 boum
2418 2531 2495 2569 emi

2095 2585 2268 2635 quinque
2288 2591 2324 2623 et
2343 2597 2391 2624 eo
2411 2586 2534 2636 proba

2094 2651 2136 2677 re
2155 2638 2218 2677 illa
2236 2645 2273 2677 et
2292 2639 2379 2678 ideo
2398 2640 2487 2677 ueni

2095 2705 2134 2731 re
2154 2705 2234 2731 non
2254 2705 2411 2743 possum
2448 2692 2522 2731 ²⁰et

2095 2747 2191 2785 alius
2211 2747 2304 2784 dixit
2322 2758 2485 2785 uxorem

2096 2801 2188 2839 duxi
2207 2806 2245 2838 et
2264 2799 2352 2839 ideo
2370 2812 2451 2839 non
2469 2810 2542 2850 pos

2095 2866 2182 2892 sum
2199 2854 2331 2892 uenire

2092 2907 2180 2946 21Εῑ
2199 2919 2372 2946 reuersus
2391 2918 2525 2945 seruus

2094 2961 2282 3000 nuntiauit
2300 2961 2396 3000 haec
2415 2960 2509 2999 dffio
