2866 3346
474 202 498 237 8
714 198 759 238 E
761 198 830 237 UA
838 196 889 237 N
888 197 1037 238 GELI
1037 197 1131 236 ΠΜ
1160 196 1237 236 SE
1237 197 1271 236 C

471 288 554 318 Pol.
573 287 627 318 15.

471 331 544 368 ‘Et
559 331 626 380 qui
645 329 839 380 adceperit
858 336 968 368 unu‘·

471 396 635 435 puerum
655 384 772 422 talem
793 384 832 421 in
853 396 905 422 no

470 439 575 477 mine
595 450 684 476 meo
705 450 767 476 me
787 437 938 487 adcepit

471 493 486 514 ⁶
499 491 577 539 Qui
602 499 733 530 autem
754 491 970 529 scandaliza

471 547 569 584 uerit
588 557 710 583 unum
729 545 777 583 de
796 545 942 595 pusillis

470 600 551 638 istis
571 599 637 650 qui
657 599 697 636 in
717 611 779 637 me
800 598 959 637 credunt

471 655 627 704 expedit
645 653 680 691 ei
698 659 740 691 ut
760 652 954 703 suspenda

470 714 533 746 tur
552 707 655 746 mola
670 707 833 745 asinaria
851 707 892 744 in

469 761 572 800 collo
591 761 674 800 eius
693 768 731 799 et
750 761 933 810 demerga

470 822 532 854 tur
550 816 590 853 in
609 814 846 865 profundum
865 827 930 853 ma

471 870 522 908 ris

470 923 485 945 '¹
498 923 583 961 Uae
603 928 733 961 autem
747 922 836 961 huic
856 934 950 960 mun

471 977 524 1016 do
545 978 596 1015 ab
615 977 803 1015 scandalis
823 988 939 1015 neces

472 1043 514 1070 se
533 1038 590 1069 est
609 1031 714 1069 enim
728 1031 860 1068 uenire

471 1084 654 1123 scandala
672 1096 809 1122 uerum
829 1090 867 1122 ta

470 1151 562 1177 men
577 1151 649 1177 uae
669 1138 816 1177 homini
835 1138 889 1175 illi

471 1205 541 1245 per
559 1204 677 1243 quem
698 1192 925 1231 scandalum

471 1247 579 1285 uenit

471 1301 485 1324 ⁸
499 1300 617 1348 Quod
633 1300 663 1339 si
675 1311 814 1338 manus
829 1305 896 1338 tua
911 1299 971 1339 uel

470 1367 542 1406 pes
561 1362 649 1393 tuus
668 1354 902 1393 scandalizat

470 1416 508 1448 te
528 1407 683 1447 abscide
703 1420 792 1447 eum
812 1415 850 1447 et
869 1407 955 1459 proi

472 1475 518 1502 ce
538 1464 609 1501 abs
627 1469 664 1500 te
701 1463 852 1500 bonum
872 1469 931 1501 est

474 1517 579 1555 enim
598 1516 666 1555 tibi
686 1516 725 1554 in
745 1516 824 1554 uita
843 1528 892 1555 ue

474 1571 557 1610 nire
577 1570 744 1610 debilem
762 1570 824 1609 uel
843 1570 905 1609 clo

472 1710 579 1750 Dum
600 1722 698 1761 quas
717 1710 815 1750 duos
834 1723 884 1762 pe

471 1766 540 1804 des
554 1766 618 1804 uel
637 1765 735 1804 duas
754 1777 896 1804 manus

471 1819 678 1858 habentem
697 1820 792 1858 mitti
811 1820 851 1857 in

471 1874 601 1924 ignem
622 1880 821 1912 aeternum

471 1927 549 1966 ⁹Et
568 1928 600 1966 si
616 1927 752 1966 oculus
772 1935 858 1966 tuus
877 1939 970 1967 scan

473 1981 611 2020 dalizat
633 1987 671 2019 te
691 1993 780 2019 erue
799 1993 891 2020 eum

472 2042 510 2073 et
529 2035 661 2085 proice
681 2036 750 2073 abs
769 2041 806 2073 te
827 2036 966 2074 bonu-

473 2089 543 2127 tibi
562 2095 620 2126 est
639 2101 760 2126 unum
780 2089 931 2127 oculu-

473 2142 683 2182 habentem
704 2143 743 2180 in
763 2143 842 2182 uita

473 2197 613 2235 intrare
634 2208 751 2246 quam
771 2196 822 2234 du

473 2263 519 2289 os
537 2250 673 2289 oculos
692 2249 887 2289 habente*

473 2305 573 2343 mitti
594 2305 632 2342 in
652 2316 805 2354 geenna
824 2305 864 2355 ig

473 2359 534 2397 nis

473 2412 502 2434 ¹⁰
514 2411 656 2451 Uidete
676 2424 725 2451 ne
745 2418 928 2463 contemp

474 2467 574 2504 natis
591 2478 712 2504 unum
732 2479 780 2505 ex
800 2466 860 2505 his

475 2520 621 2570 pusillis
640 2521 707 2571 qui
726 2520 887 2559 credunt

474 2586 514 2611 m
534 2585 598 2612 me

475 2626 577 2665 Dico
597 2627 701 2665 enim
720 2628 833 2667 uobis
853 2628 961 2679 quod

475 2680 603 2730 angeli
622 2693 755 2719 eorum
775 2682 814 2719 in
833 2694 877 2721 ce

475 2734 522 2772 lis
541 2746 693 2783 semper
711 2735 845 2773 uident

476 2788 613 2826 faciem
633 2789 750 2837 patris
769 2789 845 2827 mei

476 2841 543 2891 qui
563 2842 600 2879 in
622 2841 737 2879 caelis
756 2849 814 2879 est

475 2895 502 2916 ¹¹
519 2894 635 2933 Uenit
654 2895 757 2933 enim
778 2895 875 2934 filius
893 2895 946 2934 ho

476 2949 591 2987 minis
610 2949 757 2987 saluare
778 2950 886 2999 quod

1005 330 1167 379 perierat

1006 383 1035 405 ¹²
1047 383 1152 430 Quid
1172 382 1286 422 uobis
1304 382 1458 422 uidetur

1006 438 1037 476 si
1057 437 1195 475 fuerint
1211 437 1324 476 alicui
1343 437 1396 475 ho

1004 491 1099 528 mini
1118 497 1274 529 centum
1294 503 1390 530 oues

1005 552 1043 583 et
1063 546 1243 583 errauerit
1262 557 1341 583 una

1004 611 1053 637 ex
1074 598 1132 637 his
1151 610 1284 637 nonne
1303 599 1396 638 relin

1005 658 1098 703 quet
1117 653 1331 703 nonaginta
1350 659 1389 692 et

1005 719 1109 746 noue
1129 707 1168 744 in
1186 708 1386 745 montibus

1004 768 1042 799 et
1061 761 1166 800 uadit
1186 773 1343 811 querere
1362 768 1438 799 ea‘

1005 827 1081 864 que
1101 816 1241 853 errauit
1260 815 1287 836 ¹³
1301 822 1338 853 et
1358 816 1389 853 si
1405 822 1487 854 co-

1003 869 1131 919 tigerit
1150 875 1193 907 ut
1212 869 1383 907 inueniat

1006 935 1094 961 eam

1005 977 1133 1015 Amen
1154 976 1242 1015 dico
1258 976 1370 1015 uobis
1391 975 1497 1027 quod

1004 1030 1187 1080 gaudebit
1206 1031 1245 1068 in
1265 1042 1354 1068 eam

1004 1084 1130 1134 magis
1149 1096 1266 1134 quam
1286 1084 1326 1122 in
1346 1096 1399 1123 no

1005 1139 1164 1188 naginta
1183 1144 1221 1176 et
1240 1150 1344 1176 noue
1364 1150 1441 1189 que

1004 1204 1085 1231 non
1105 1199 1328 1231 errauerunt

1004 1246 1032 1267 ¹⁴
1047 1246 1109 1285 Sic
1129 1258 1208 1285 non
1229 1252 1286 1284 est
1305 1246 1484 1285 uoluntas

1004 1307 1094 1339 ante
1115 1306 1264 1351 patrem
1284 1312 1353 1339 ues

1004 1361 1105 1392 trum
1126 1355 1193 1405 qui
1212 1355 1253 1392 in
1272 1354 1387 1393 caelis

1004 1414 1061 1447 est
1079 1415 1121 1446 ut
1134 1416 1264 1459 pereat
1281 1420 1382 1447 unus

1004 1475 1053 1500 ex
1073 1462 1219 1512 pusillis
1237 1463 1317 1500 istis

1004 1524 1084 1553 Mn
1092 1516 1120 1537 ¹⁶
1127 1515 1235 1563 Quod
1248 1518 1289 1555 si
1300 1517 1507 1566 peccauerit

1004 1571 1045 1609 in
1065 1577 1103 1610 te
1122 1570 1238 1609 frater
1257 1577 1346 1609 tuus

1005 1710 1118 1751 Uade
1138 1711 1286 1762 corripe
1304 1723 1394 1750 eum

1004 1766 1102 1805 inter
1120 1773 1157 1804 te
1176 1773 1213 1805 et
1231 1767 1356 1816 ipsum
1376 1777 1421 1804 so

1004 1820 1084 1859 lum
1105 1820 1135 1858 si
1156 1827 1193 1859 te
1213 1820 1372 1859 audierit
1390 1819 1429 1858 lu

1004 1881 1135 1913 eratus
1154 1874 1228 1912 eris
1246 1874 1401 1912 fratrem

1003 1934 1113 1966 tuum
1181 1928 1210 1949 ¹⁶
1222 1929 1253 1967 si
1272 1934 1402 1966 autem
1422 1939 1502 1966 non

1003 1988 1040 2020 te
1060 1982 1220 2021 audierit
1239 1982 1378 2021 adhibe

1004 2043 1133 2075 tecum
1152 2048 1275 2074 unum
1295 2036 1358 2074 uel
1378 2036 1429 2074 du

1004 2102 1050 2128 os
1068 2097 1109 2128 ut
1129 2090 1168 2128 in
1187 2102 1255 2129 ore
1275 2090 1441 2129 duorum

1004 2143 1067 2182 uel
1086 2144 1199 2182 trium
1218 2145 1370 2183 testium

1006 2204 1080 2235 stet
1098 2209 1214 2236 omne
1234 2199 1398 2236 uerbum

1006 2250 1033 2272 ¹⁷
1046 2252 1152 2301 quod
1171 2252 1202 2290 si
1222 2264 1302 2290 non
1322 2251 1485 2290 audierit

1007 2305 1055 2343 sit
1076 2305 1143 2343 tibi
1163 2306 1260 2344 sicut
1279 2305 1459 2344 ethnicus

1006 2365 1043 2397 et
1062 2359 1291 2409 publicanus

1006 2412 1163 2451 ¹⁸Amen
1176 2413 1263 2451 dico
1278 2412 1391 2452 uobis
1403 2425 1503 2464 quae

1005 2478 1173 2517 cumque
1193 2467 1388 2517 alligaueri

1005 2521 1052 2558 tis
1072 2532 1188 2571 super
1205 2527 1347 2559 terram
1367 2533 1389 2560 e

1006 2580 1094 2612 runt
1113 2574 1267 2624 alligata
1285 2581 1322 2613 et
1341 2575 1379 2612 in
1399 2587 1443 2613 ce

1006 2629 1045 2667 lo
1064 2634 1102 2666 et
1121 2641 1366 2679 quecumque
1386 2628 1444 2667 sol

1005 2682 1133 2721 ueritis
1153 2694 1267 2733 super
1285 2690 1385 2721 terra

1004 2743 1116 2775 erunt
1135 2737 1259 2776 soluta
1278 2743 1315 2776 et
1332 2737 1373 2775 in

1005 2790 1114 2829 caelo

1005 2844 1032 2865 ¹⁹
1044 2843 1188 2881 Iterum
1201 2843 1289 2883 dico
1302 2845 1414 2883 uobis
1426 2856 1502 2895 qua

1007 2898 1038 2935 si
1058 2898 1209 2936 duobus
1228 2910 1405 2937 conuene

1005 2951 1052 2988 rit
1072 2963 1120 2989 ex
1141 2951 1252 2991 uobis
1273 2963 1388 3002 supra
1407 2959 1465 2991 ter

1922 198 2010 239 MA
2022 199 2064 238 T
2060 199 2232 239 TEUM
2280 198 2405 254 [xv111.
2428 215 2556 249 5-x1x.
2577 217 2608 250 3.

1575 287 1659 318 Pol.
1676 288 1732 318 16.

1575 329 1676 368 Ram
1723 329 1772 368 de
1782 329 1890 368 omni
1906 342 1945 368 re
1961 338 2069 381 qua-

1573 395 1742 434 cumque
1762 384 1939 434 petierint
1958 385 2022 423 fiet

1574 437 1644 475 illis
1663 450 1686 475 a
1706 445 1812 487 patre
1831 449 1921 476 meo
1941 438 2007 488 qui
2030 438 2070 476 in

1574 491 1689 530 caelis
1700 498 1758 530 est
1768 491 1797 514 ²⁰
1805 492 1868 529 ubi
1881 492 1985 529 enim
1993 492 2071 530 duo

1575 553 1663 583 sunt
1683 545 1744 583 uel
1764 552 1842 583 tres
1862 557 2006 595 congre

1573 600 1651 649 gati
1671 599 1710 636 in
1730 599 1890 638 nomine
1908 611 1999 638 meo

1573 654 1625 691 ibi
1645 659 1682 691 et
1698 665 1773 703 ego
1786 665 1872 691 sum
1886 653 1926 691 in
1938 653 2071 693 medio

1573 719 1708 745 eorum

1572 759 1722 799 ²¹Tunc
1736 760 1901 800 adcedes
1916 760 1965 800 ad
1980 773 2070 800 eum

1572 821 1703 865 petrus
1723 815 1816 853 dixit
1835 816 1869 853 ei
1890 816 1979 854 dffie
1999 816 2031 854 si

1573 870 1789 918 peccauerit
1809 869 1848 906 in
1867 882 1930 908 me
1950 869 2007 908 fra

1572 930 1628 961 ter
1647 934 1758 961 meus
1777 923 1956 972 quotiens

1573 977 1765 1015 remittam
1785 977 1820 1016 ei
1839 988 1960 1029 usque

1572 1031 1714 1079 septies

1571 1084 2069 1124 ²²Diciteiihsnondicotibi

1571 1150 1693 1188 usque
1713 1139 1854 1189 septies
1873 1139 1941 1178 sed
1960 1151 2044 1190 usq·

1572 1193 1790 1242 septuagies
1811 1194 1949 1243 septies

1570 1255 1668 1283 111111
1680 1247 1708 1269 ²³
1723 1246 1810 1285 Ideo
1824 1248 1960 1285 sz‘milz‘s
1973 1252 2027 1286 est

1906 1299 2070 1353 [habitus

1571 1354 1678 1404 regni
1695 1354 1888 1393 caelorum
1908 1355 1961 1394 ho

1570 1407 1664 1445 mini
1684 1409 1764 1458 regi
1784 1409 1849 1459 qui
1867 1409 1991 1448 uoluit

1570 1462 1759 1500 rationem
1776 1475 1921 1513 ponere
1937 1467 2017 1502 cu'·

1571 1516 1691 1554 seruis
1710 1517 1789 1554 suis
1807 1515 1836 1538 ²⁴
1848 1522 1886 1555 et
1907 1529 1996 1556 cum
2017 1529 2062 1555 ce

1571 1570 1689 1620 pisset
1707 1571 1895 1609 rationem
1914 1583 1968 1621 po

1571 1636 1663 1662 nere
1682 1636 1773 1663 cum
1794 1625 1915 1663 seruis
1935 1625 2012 1663 suis

1571 1711 1733 1751 Oblatus
1752 1717 1809 1750 est
1827 1712 1932 1751 enim

1570 1778 1671 1804 unus
1690 1767 1756 1817 qui
1776 1766 1943 1805 debebat

1571 1820 1663 1858 dece
1682 1820 1787 1859 milia
1803 1820 1946 1859 talenta

1570 1872 1597 1895 ²⁵
1609 1887 1698 1912 cum
1718 1881 1846 1913 autern
1865 1886 1945 1913 non
1963 1873 2014 1913 ha

1569 1928 1676 1967 beret
1694 1928 1796 1966 unde
1816 1928 1934 1966 redde

1570 1988 1624 2020 ret
1644 1982 1750 2020 iussit
1769 1994 1858 2020 eum
1873 1982 1960 2020 dms

1570 2036 1651 2074 eius
1670 2036 1882 2074 uedundari
1899 2042 1937 2074 et

1571 2101 1733 2128 uxorem
1753 2090 1833 2128 eius
1852 2097 1889 2128 et
1909 2090 2008 2128 filius

1569 2151 1606 2182 et
1625 2144 1758 2182 omnia
1776 2155 1875 2194 quae
1895 2143 1946 2182 ha

1570 2198 1686 2236 bebat
1704 2204 1741 2236 et
1760 2198 1883 2236 reddit
1903 2197 1951 2236 de

1571 2252 1692 2289 bitum

1569 2304 1598 2327 ²⁶
1612 2304 1825 2344 Procidens
1844 2311 1973 2344 autem
1993 2316 2054 2344 ser

1570 2371 1642 2397 uus
1660 2359 1722 2397 ille
1741 2360 1875 2398 orabat
1894 2371 1984 2398 eum

1569 2413 1702 2451 dicens
1723 2413 1812 2452 dffie
1832 2413 2013 2463 patientia

1571 2467 1671 2505 habe
1690 2479 1752 2504 me
1772 2474 1809 2505 et
1827 2467 1959 2505 omnia

1570 2520 1732 2559 reddam
1746 2519 1958 2559 ”misertus

1571 2581 1698 2613 autem
1714 2574 1800 2614 dms
1814 2575 1914 2613 serui
1933 2575 1959 2613 il

1570 2629 1642 2667 lius
1660 2635 1699 2667 et
1718 2629 1861 2667 remisit
1879 2630 1914 2667 ei
1933 2635 1971 2668 et

1571 2683 1742 2721 debitum
1760 2684 1904 2722 remisit
1923 2683 1958 2722 ei

1568 2737 1598 2759 ²⁸
1610 2737 1800 2787 Egressus
1819 2744 1946 2776 autem
1966 2749 2028 2775 ser

1571 2803 1644 2829 uus
1664 2791 1726 2829 ille
1747 2791 1892 2829 inuenit
1911 2803 2032 2829 unum

1569 2857 1615 2883 ex
1637 2845 1834 2884 conseruis
1854 2846 1933 2884 suis

1568 2900 1633 2949 qui
1654 2899 1819 2937 debebat
1838 2899 1872 2937 ei
1892 2911 1965 2938 cen

1569 2961 1648 2990 tum
1668 2952 1834 2992 dinarios
1853 2960 1891 2991 et
1909 2959 1946 2991 te

2106 330 2217 370 Nens
2237 332 2450 371 suffocabat
2470 340 2552 371 eu·-

2106 385 2239 424 dicens
2260 386 2374 424 redde
2395 387 2501 437 quod

2106 439 2214 477 debis
2233 440 2261 462 ²⁹
2273 447 2311 478 et
2329 441 2536 490 procidens

2107 504 2318 531 conseruus
2336 506 2417 532 eius
2438 507 2482 533 ro

2107 546 2225 596 gabat
2242 559 2331 585 eum
2351 548 2485 586 dicens

2107 600 2290 649 patientia
2307 601 2407 640 habe
2427 603 2466 640 in
2485 613 2549 640 me

2107 661 2145 691 et
2164 654 2323 692 reddam
2343 656 2410 693 tibi
2464 655 2494 678 ⁸⁰
2506 655 2569 694 ille

2107 714 2234 746 autem
2251 708 2371 747 noluit
2386 709 2453 747 sed
2471 721 2495 747 a

2106 761 2173 799 biit
2193 768 2231 799 et
2251 762 2350 800 misit
2369 775 2455 801 eum
2475 763 2515 800 in

2105 827 2298 854 carcerem
2319 816 2443 855 donec

2105 869 2279 907 redderet
2298 869 2468 908 debitum

2105 923 2329 962 ⁸¹Uidentes
2348 930 2479 962 autem
2498 935 2575 963 con

2105 977 2205 1015 serui
2225 977 2306 1016 eius
2325 989 2424 1027 quae
2444 978 2493 1017 fie

2105 1032 2198 1068 bant
2217 1032 2431 1070 contristati
2460 1039 2548 1071 sunt

2105 1091 2142 1123 et
2162 1092 2350 1123 uenerunt
2365 1093 2403 1124 et
2422 1098 2493 1124 nar

2103 1145 2285 1176 rauerunt
2304 1139 2464 1178 domino

2104 1204 2175 1231 suo
2195 1193 2325 1231 omnia
2345 1206 2445 1244 quae
2467 1194 2528 1233 fac

2104 1253 2142 1284 ta
2162 1254 2271 1285 erant

2104 1300 2133 1321 ⁸²
2146 1300 2262 1339 Tunc
2282 1301 2436 1340 uocauit
2456 1301 2563 1340 illum

2104 1354 2190 1392 dms
2210 1355 2291 1392 eius
2309 1362 2347 1393 et
2366 1356 2416 1393 ait
2436 1355 2486 1394 illi
2506 1368 2568 1395 ser

2103 1420 2151 1446 ue
2170 1420 2298 1458 nequa
2317 1421 2433 1447 omne
2453 1410 2502 1448 de

2103 1463 2226 1500 bitum
2246 1463 2372 1500 remisi
2393 1463 2459 1501 tibi
2479 1463 2569 1514 quia

2101 1516 2245 1566 rogasti
2265 1528 2329 1554 me
2347 1516 2375 1537 ³³
2387 1529 2465 1555 non
2487 1530 2527 1556 er

2101 1582 2154 1619 go
2173 1570 2342 1620 oportuit
2362 1577 2399 1609 te
2420 1583 2500 1622 quo

2102 1722 2178 1761 que
2197 1710 2366 1750 misereri
2385 1723 2526 1752 conser

2101 1776 2154 1803 uo
2173 1771 2240 1802 tuo
2260 1766 2356 1804 sicut
2375 1773 2412 1804 et
2431 1778 2506 1817 ego
2526 1767 2580 1806 tui

2102 1819 2278 1856 misertus
2298 1831 2382 1857 sum

2101 1872 2131 1894 ⁸⁴
2145 1872 2195 1910 Et
2214 1873 2330 1911 iratus
2349 1873 2422 1912 dfis
2441 1874 2526 1912 eius
2540 1880 2600 1913 tra

2102 1926 2195 1964 didit
2213 1938 2302 1964 eum
2322 1928 2531 1966 tortoribus

2101 1979 2355 2030 quoadusque
2370 1981 2489 2020 redde

2101 2041 2158 2071 ret
2177 2034 2398 2072 uniuersum
2420 2035 2468 2073 de

2101 2088 2222 2126 bitum
2279 2087 2308 2109 ³⁶
2319 2089 2372 2126 sic
2386 2095 2423 2127 et
2436 2089 2548 2128 uobis
2560 2088 2598 2129 fa

2101 2141 2176 2179 ciet
2194 2148 2302 2191 pater
2319 2154 2429 2181 meus
2447 2143 2514 2193 qui

2101 2201 2159 2233 est
2178 2196 2217 2232 in
2237 2195 2327 2234 celis
2346 2197 2376 2234 si
2396 2208 2477 2235 non
2497 2196 2591 2235 remi

2101 2249 2223 2287 seritis
2242 2251 2503 2301 unusquisque

2100 2303 2204 2341 fratri
2225 2315 2296 2342 suo
2316 2304 2364 2342 de
2384 2305 2564 2343 cordibus

2101 2356 2236 2396 uestris

2099 2420 2150 2448 zv
2161 2417 2200 2448 19
2213 2409 2437 2461 ῙΕζβαείπηι
2450 2416 2504 2450 est
2515 2424 2596 2450 cum

2099 2466 2250 2504 locutus
2268 2471 2370 2503 esset
2390 2466 2448 2504 ihs
2469 2478 2530 2504 ser

2099 2531 2237 2558 mones
2257 2519 2351 2558 istos
2370 2526 2515 2558 transtu

2100 2573 2140 2611 lit
2159 2586 2200 2612 se
2221 2586 2244 2612 a
2263 2573 2439 2623 galileam
2458 2581 2495 2613 et
2514 2586 2563 2613 ue

2101 2628 2156 2665 nit
2175 2629 2214 2665 in
2233 2628 2372 2665 finibus
2390 2627 2527 2666 iudeae

2099 2688 2205 2720 trans
2224 2681 2436 2720 iordanen²
2455 2688 2493 2719 et

2100 2743 2253 2774 secutae
2273 2741 2360 2772 sunt
2378 2746 2469 2772 eum

2098 2790 2232 2827 turbae
2251 2787 2393 2826 multae
2411 2794 2450 2826 et

2101 2842 2250 2881 curabit
2269 2841 2354 2879 illos
2374 2841 2426 2879 ibi

2098 2896 2112 2917 ³
2125 2895 2174 2934 Et
2193 2895 2436 2934 adcesserunt
2449 2893 2498 2932 ad
2514 2902 2590 2934 eu·

2098 2949 2263 2999 pharisei
2283 2955 2516 2999 temptantes

2517 3023 2543 3051 U
