2820 3334
447 225 498 272 36

444 311 529 342 1¹01.
544 312 603 344 70.

445 354 538 393 Hoc
558 360 802 403 unguentum

445 420 527 447 non
547 408 666 446 ueniit
685 407 849 446 denariis

445 463 626 501 trecentis
645 469 683 500 et
703 461 835 499 datum

445 529 488 554 es
507 516 740 566 pauperibus

445 571 459 592 ⁶
472 570 579 609 Dixit
599 577 726 608 autem
747 569 820 607 hoc
841 581 922 607 non

446 624 552 675 quod
573 624 620 662 de
642 624 878 674 pauperibus

446 691 539 717 cura
558 679 609 716 illi
629 686 729 716 esset
749 677 816 716 sed
836 677 926 728 quia

443 733 503 771 sur
522 739 602 771 erat
639 739 676 771 et
695 732 845 770 loculus

445 787 613 825 habebat
650 794 687 825 et
707 799 782 836 que
803 786 873 823 mit

445 842 624 879 tebantur
642 841 872 891 exportabat

444 894 459 919 ⁷
474 895 581 933 Dixit
600 908 692 946 ergo
717 895 776 933 ihs
797 895 944 932 dimitte

445 950 549 988 illam
568 957 611 988 ut
630 950 669 987 in
690 949 792 987 diem
812 961 854 987 se

444 1004 594 1055 pulture
614 1016 725 1042 meae
748 1015 808 1041 ser

445 1065 511 1097 uet
530 1058 623 1095 illud
642 1058 655 1079 ⁸
668 1069 859 1108 pauperes

446 1113 549 1151 enim
570 1124 705 1162 senper
723 1111 872 1149 habetis

446 1166 651 1205 uobiscum
671 1178 733 1203 me
749 1173 880 1203 autem

446 1233 526 1258 non
547 1232 686 1270 senper
705 1220 854 1258 habetis

445 1275 522 1313 ⁹Et
541 1275 652 1312 turba
671 1274 792 1312 multa
811 1287 859 1312 ex
879 1273 918 1311 iu

446 1329 552 1367 daeis
572 1329 717 1366 audiuit
738 1329 828 1379 quia
847 1328 921 1366 illic

446 1391 504 1422 est
523 1389 560 1422 et
579 1389 766 1421 uenerunt
785 1394 867 1420 non

446 1444 602 1488 propter
622 1437 702 1474 ihm
722 1437 847 1475 solum

447 1492 517 1530 sed
537 1498 577 1529 ut
596 1491 765 1529 lazarum
784 1491 873 1529 uide

446 1552 503 1584 ret
523 1558 639 1596 quern
659 1545 855 1584 suscitauit

447 1613 471 1639 a
490 1601 653 1639 mortuis

448 1732 477 1754 ¹⁰
492 1731 772 1782 Cogitauerunt
790 1743 839 1769 au

446 1794 526 1825 tem
547 1786 741 1836 principes
761 1797 867 1823 sacer

448 1841 583 1879 dotum
602 1846 644 1878 ut
665 1846 702 1878 et
722 1840 879 1878 lazaru-

447 1895 676 1933 interficeret
694 1894 721 1915 ¹¹
734 1894 824 1944 quia
843 1892 923 1931 mul

448 1950 477 1987 ti
497 1949 698 1987 iudeorum
718 1954 875 1999 propter

448 2003 556 2041 illum
577 2003 758 2041 abiebant
777 2009 815 2041 et
834 2014 897 2040 cre

449 2057 595 2096 debant
614 2057 653 2094 in
672 2056 753 2094 ihm
865 2054 950 2108 [tur

451 2111 730 2148 xxl11¹²Altera
749 2115 867 2148 autem
893 2111 950 2148 die

449 2166 523 2204 bae
542 2165 685 2203 multae
705 2171 878 2202 uenera-

450 2219 501 2258 ad
521 2220 623 2257 diem
644 2219 785 2257 festum
805 2230 895 2257 cum

450 2273 647 2312 audissent
667 2273 758 2324 quia
777 2272 836 2311 ihs

450 2329 557 2366 uenit
576 2328 616 2365 in
637 2327 882 2365 iherosolima

451 2382 479 2404 ¹³
491 2388 722 2432 acceperunt
741 2381 856 2420 flores

450 2437 668 2487 palmarum
705 2441 743 2474 et
762 2435 846 2474 exie

451 2498 541 2529 runt
560 2491 719 2529 obuiam
739 2490 789 2527 illi
804 2496 842 2528 et

453 2545 645 2584 clamabat
665 2545 835 2583 dicentes

451 2611 600 2638 osanna
619 2598 844 2637 benedictus

454 2653 521 2704 qui
539 2654 645 2691 uenit
664 2654 704 2691 in
723 2653 882 2691 nomine

453 2707 493 2744 in
513 2707 660 2745 nomini
679 2707 745 2745 dni
765 2719 832 2745 rex

454 2760 608 2799 istrahel

454 2815 482 2836 ¹⁴
498 2814 547 2852 Et
559 2814 705 2852 inuenit
718 2814 776 2852 ihs
792 2813 951 2852 asellum

454 2876 493 2908 et
512 2868 609 2907 sedit
629 2880 743 2917 super
763 2880 852 2905 eum

510 2923 607 2961 sicut
626 2922 811 2972 scriptum
830 2928 888 2959 est

484 2977 597 3017 '³noli
609 2977 743 3016 timere
751 2976 827 3014 filia
839 2976 925 3014 sio*

681 218 1097 259 EUANGELIUM
1126 218 1236 258 SEC

1034 351 1137 390 Ecce
1158 363 1225 389 rex
1246 357 1333 389 tuus

1034 406 1140 443 uenit
1161 405 1302 444 sedens
1325 416 1370 442 su

1034 472 1103 509 per
1121 459 1269 509 pullum
1289 459 1395 498 asine

979 514 1007 535 ¹⁶
1022 513 1133 552 Haec
1154 526 1234 552 non
1255 525 1432 563 cognoue

978 575 1067 606 runt
1086 568 1255 617 primum
1274 568 1332 605 dis

978 622 1095 672 cipuli
1113 623 1195 660 eius
1233 622 1302 660 sed
1322 633 1413 660 cum

978 676 1201 715 clarificatus
1221 683 1278 714 est
1297 675 1355 713 ihs

978 730 1165 769 recordati
1186 736 1274 768 sunt
1294 730 1385 780 quia

979 785 1075 823 haec
1094 792 1203 823 erant
1222 785 1364 834 scripta

979 839 1028 877 de
1047 839 1111 877 illo
1133 846 1170 878 et
1187 839 1282 877 haec
1302 839 1384 877 fece

980 900 1070 931 runt
1089 893 1122 931 ei

980 947 1007 968 Π
1021 946 1308 985 Testimonium
1328 957 1422 995 ergo

979 1001 1206 1051 perhibebat
1225 1001 1338 1038 turba

979 1068 1079 1105 quae
1100 1061 1179 1093 erat
1198 1067 1288 1093 cum
1308 1066 1356 1092 eo

979 1110 1071 1160 quia
1090 1109 1259 1147 lazarum
1279 1120 1380 1147 uoca

979 1164 1033 1202 uit
1053 1163 1101 1202 de
1120 1175 1334 1202 monumen

980 1225 1021 1257 to
1041 1224 1078 1256 et
1098 1218 1298 1256 suscitauit
1318 1229 1409 1255 eum

979 1284 1002 1310 a
1022 1273 1181 1310 mortuis
1199 1271 1227 1293 ¹⁸
1239 1278 1441 1321 propterea

979 1327 1136 1364 obuiam
1156 1326 1190 1364 ei
1210 1325 1314 1364 uenit
1335 1325 1370 1363 ei

980 1382 1091 1419 turba
1111 1381 1202 1431 quia
1221 1380 1333 1418 audie

980 1443 1069 1473 runt
1088 1435 1179 1485 quia
1199 1434 1273 1474 hoc
1294 1433 1381 1472 fecit

980 1490 1134 1538 signum

979 1543 1007 1565 ¹⁰
1021 1543 1214 1581 Pharisaei
1234 1549 1363 1581 autem
1384 1541 1423 1580 di

981 1604 1119 1637 xerunt
1138 1598 1188 1636 ad
1208 1597 1373 1647 semetip

984 1729 1058 1768 Sos
1080 1729 1219 1767 uidetis
1240 1728 1330 1778 quia
1349 1728 1389 1765 ni

982 1784 1035 1822 hil
1055 1783 1219 1834 profecit
1239 1795 1329 1820 ecce
1349 1793 1449 1820 unus

981 1838 1151 1889 populus
1171 1837 1341 1888 sequitur
1359 1842 1449 1887 post

981 1893 1088 1930 illum

981 1947 1010 1969 ²⁰
1022 1947 1074 1985 Et
1095 1953 1203 1985 erant
1219 1945 1322 1996 greci
1336 1944 1483 1995 quida-

983 2014 1031 2039 ex
1051 2001 1110 2039 his
1130 2001 1196 2051 qui
1216 2000 1384 2039 ascende

983 2062 1069 2094 rant
1087 2056 1126 2093 in
1146 2055 1208 2093 die
1226 2055 1324 2093 festo
1344 2053 1420 2092 ado

983 2116 1110 2148 rarent

984 2164 1010 2187 ²¹
1024 2164 1092 2202 Hii
1112 2175 1207 2213 ergo
1234 2163 1481 2201 adcesserunt

984 2218 1034 2256 ad
1054 2218 1271 2268 philippum
1291 2217 1358 2267 qui
1378 2222 1460 2254 erat

984 2284 1007 2310 a
1027 2272 1205 2310 bessaida
1224 2271 1382 2321 galileae

983 2333 1021 2364 et
1041 2327 1229 2376 rogabant
1248 2325 1354 2363 illum

984 2380 1155 2418 dicentes
1175 2379 1250 2417 dfie
1269 2378 1361 2416 uolu

983 2446 1071 2472 mus
1090 2434 1169 2471 ihm
1189 2433 1318 2471 uidere

985 2489 1012 2511 ²²
1025 2488 1143 2527 Uenit
1158 2487 1324 2537 pilippus
1340 2494 1377 2524 et
1394 2486 1483 2525 dicit

985 2542 1151 2581 andreae
1172 2541 1335 2579 andreas

983 2603 1115 2635 autem
1135 2602 1172 2634 et
1192 2596 1359 2646 pilippus
1374 2594 1423 2633 ite

983 2663 1069 2689 rum
1090 2650 1223 2689 dicunt
1242 2650 1292 2688 ad
1311 2649 1392 2687 ihm

984 2705 1013 2727 ²⁸
1026 2705 1084 2743 ihs
1104 2711 1231 2743 autern
1253 2703 1451 2754 respondit

986 2759 1041 2798 eis
1061 2759 1195 2798 dicens
1213 2758 1318 2796 uenit
1339 2759 1390 2797 ho

985 2826 1027 2852 ra
1045 2820 1087 2851 ut
1106 2813 1334 2852 clarificetur

986 2868 1085 2906 filius
1105 2867 1274 2906 hominis

986 2922 1145 2959 ²⁴Amen
1166 2933 1279 2959 amen
1299 2921 1386 2959 dico
1406 2932 1458 2958 uo

987 2976 1047 3015 bis
1067 2976 1138 3014 nisi
1158 2987 1321 3026 granum
1341 2974 1416 3013 triti

1973 218 2313 258 JOHANNEM
2364 216 2450 271 [κη.
2473 234 2573 267 5-42.

1549 307 1631 338 1¹01.
1650 308 1703 340 71.

1549 349 1596 388 Ci
1615 349 1759 388 cadens
1778 349 1818 386 in
1838 355 1965 387 terra-

1547 411 1742 443 mortuum
1761 403 1871 441 fuerit
1890 404 1970 441 mul

1546 465 1629 495 tum
1649 458 1812 496 fructum
1832 457 1918 495 adse

1545 512 1573 534 ²⁵
1587 518 1643 550 ret

1546 566 1624 613 Qui
1644 566 1748 604 amat
1761 565 1932 603 animam
1947 572 2045 604 sua-

1545 620 1668 670 perdit
1686 632 1773 658 eam
1793 626 1832 658 et
1851 620 1918 670 qui
1937 620 2017 658 odit

1544 675 1714 713 animam
1735 686 1845 712 suam
1865 675 1904 711 in
1924 674 1999 712 hoc

1545 729 1692 767 mundo
1712 729 1752 766 in
1770 728 1889 766 uitam
1909 734 1989 766 eter

1545 795 1635 821 nam
1656 782 1822 821 custodit
1842 794 1930 820 eam

1545 837 1572 859 ²⁶
1587 837 1626 875 Si
1646 837 1732 887 quis
1744 836 1838 874 mihi
1854 836 2044 874 ministrat

1547 898 1728 940 sequatur
1748 903 1811 929 me
1849 897 1886 929 et
1905 891 1972 929 ubi

1590 955 1623 975 m

1546 995 1634 1027 sunt
1654 1001 1728 1038 ego
1748 988 1822 1026 illic
1842 994 1880 1026 et
1899 988 1953 1026 mi

1546 1043 1663 1081 nister
1682 1055 1792 1081 meus
1812 1043 1883 1080 erit

1549 1097 1588 1135 Si
1608 1097 1694 1148 quis
1713 1096 1807 1134 mihi
1826 1097 1999 1135 ministra

1546 1153 1645 1190 uerit
1663 1151 1929 1190 honorificauit

1546 1218 1636 1244 eum
1656 1212 1692 1243 et
1712 1212 1821 1256 pater
1839 1216 1950 1243 meus

1546 1260 1575 1282 ²⁷
1591 1259 1708 1298 Nunc
1729 1260 1858 1297 anima
1878 1272 1965 1297 mea
1984 1264 2045 1297 tur

1547 1315 1638 1352 bata
1656 1320 1714 1352 est
1732 1314 1844 1352 ualde
1865 1320 1902 1352 et
1922 1314 1960 1351 di

1548 1380 1634 1406 cam
1653 1375 1762 1418 pater
1780 1367 1897 1406 libera
1916 1380 1978 1405 me

1547 1435 1596 1460 ex
1615 1422 1687 1460 hac
1707 1422 1801 1460 hora
1819 1422 1887 1461 sed
1906 1422 1993 1460 ideo

1547 1477 1637 1514 ueni
1657 1477 1696 1514 in
1717 1476 1816 1514 hanc
1836 1476 1973 1514 horam

1548 1532 1575 1554 2⁸
1588 1539 1696 1580 pater
1715 1530 1880 1569 clarifica
1898 1542 1951 1568 no

1548 1597 1640 1623 men
1660 1591 1770 1622 tuum

1548 1639 1668 1677 Uenit
1686 1651 1778 1689 ergo
1798 1651 1876 1677 uox
1897 1638 1944 1676 de
1964 1650 2033 1676 cae

1549 1726 1608 1765 Lo
1628 1733 1665 1765 et
1685 1726 1885 1764 clarificaui
1901 1732 1939 1763 et

1548 1781 1684 1819 iterum
1704 1780 1923 1819 clarificabo

1548 1835 1576 1858 ²⁹
1590 1835 1725 1873 Turba
1744 1847 1839 1884 ergo
1861 1846 1958 1885 quae
1978 1840 2036 1872 sta

1549 1890 1615 1928 bat
1634 1889 1784 1928 dicebat
1804 1889 1904 1927 troni

1550 1951 1678 1982 truum
1697 1943 1841 1982 factum
1861 1949 1917 1980 est

1549 1998 1610 2036 alii
1629 1997 1808 2036 dicebant
1827 2009 1927 2046 ange

1548 2052 1608 2090 lus
1628 2052 1662 2090 ei
1681 2052 1832 2090 locutus
1852 2057 1910 2089 est

1549 2107 1577 2128 ³⁰
1591 2106 1809 2156 Respondit
1823 2105 1881 2144 ihs
1894 2111 1931 2143 et
1952 2103 2047 2143 dixit

1658 2170 1673 2190 1'

1548 2215 1629 2242 non
1648 2209 1826 2254 poterant
1845 2215 1909 2241 me

1549 2258 1644 2296 haec
1664 2270 1742 2296 uox
1762 2258 1868 2296 uenit
1889 2256 1957 2296 sed

1549 2319 1704 2362 propter
1722 2324 1796 2350 uos

1548 2367 1577 2388 ⁸¹
1591 2366 1706 2404 Nunc
1725 2366 1908 2404 iudicium
1928 2371 1985 2403 est

1549 2420 1685 2458 mundi
1704 2427 1761 2458 est
1798 2431 1902 2457 nunc

1550 2475 1728 2524 princeps
1748 2473 1881 2511 mundi
1900 2472 1938 2510 di

1550 2529 1720 2566 mittetur
1739 2528 1922 2566 deorsum

1550 2583 1578 2605 ³²
1589 2588 1628 2621 et
1647 2594 1720 2632 ego
1741 2594 1829 2620 cum
1850 2581 1977 2619 exalta

1550 2644 1611 2675 tus
1631 2636 1737 2675 fuero
1758 2649 1780 2674 a
1799 2643 1932 2674 terram

1551 2691 1683 2730 omnia
1703 2690 1853 2729 traham
1871 2690 1922 2728 ad

1551 2758 1613 2783 me
1633 2745 1759 2796 ipsum

1550 2800 1578 2821 ³⁸
1594 2799 1685 2838 Hoc
1704 2807 1835 2837 autem
1855 2798 2006 2837 dicebat

1551 2853 1746 2904 significas
1765 2853 1856 2903 quia
1875 2865 1961 2892 mor

1551 2915 1588 2947 te
1608 2915 1709 2946 esset
1729 2907 1935 2946 moriturus

1551 2962 1577 2983 ³⁴
1593 2961 1808 3012 Respondit
1828 2962 1863 2999 ei
1883 2961 1994 2999 turba

1550 3027 1623 3054 nos
1642 3015 1859 3054 audiuimus
1878 3026 1925 3052 ex

2081 349 2187 401 Lege
2225 351 2314 401 quia
2335 354 2408 400 xps
2427 356 2559 388 manet

2079 404 2119 442 in
2139 411 2337 443 aeternum
2374 411 2412 443 et
2430 416 2510 455 quo

2080 458 2199 497 modo
2217 466 2258 496 tu
2277 459 2372 497 dicis
2393 459 2484 509 quia

2079 519 2232 562 oportet
2252 519 2287 550 te
2307 513 2463 551 exaltari

2079 566 2199 604 filium
2220 566 2387 605 hominis
2406 567 2494 617 quis

2078 626 2135 659 est
2156 620 2218 659 hic
2240 620 2340 659 filius
2360 620 2467 660 homi

2078 674 2138 713 nis

2077 728 2107 749 ³⁵
2120 728 2227 766 Dixit
2246 741 2339 778 ergo
2359 729 2413 767 eis
2433 728 2491 767 ihs
2510 729 2560 767 ad

2078 781 2154 821 huc
2173 783 2373 821 modicum
2390 789 2469 820 tem

2079 849 2152 887 pus
2171 837 2236 874 lux
2256 844 2314 875 est
2332 837 2372 874 in
2390 837 2502 874 uobis

2081 891 2275 931 ambulate
2295 891 2389 928 dum
2409 890 2525 928 luee-

2080 945 2228 983 habetis
2249 952 2289 983 ut
2308 957 2389 983 non
2408 951 2496 982 tene

2079 1001 2171 1038 brae
2194 1012 2264 1038 uos
2285 998 2507 1049 conprehe‘

2079 1054 2173 1092 dant
2210 1062 2247 1092 et
2267 1054 2332 1104 qui
2353 1054 2471 1091 ambu

2078 1109 2131 1146 lat
2151 1109 2191 1146 in
2210 1108 2377 1146 tenebris
2397 1119 2466 1145 nes

2079 1163 2130 1201 cit
2151 1175 2229 1212 quo
2249 1162 2365 1200 uadat
2421 1160 2547 1198 ³⁶dum

2080 1217 2209 1255 lucem
2229 1216 2377 1254 habetis
2397 1228 2458 1253 cre

2080 1272 2157 1309 dite
2177 1271 2215 1308 in
2235 1270 2361 1308 lucem
2380 1276 2421 1308 ut
2440 1269 2492 1307 fili

2080 1325 2175 1363 lucis
2194 1325 2272 1362 sitis

2081 1378 2194 1417 Haec
2212 1379 2361 1416 locutus
2380 1384 2437 1416 est
2456 1377 2515 1415 ihs

2080 1441 2119 1472 et
2138 1433 2257 1471 habiit
2277 1439 2315 1470 et
2334 1433 2480 1470 abscon

2082 1488 2137 1526 dit
2157 1500 2198 1525 se
2218 1488 2268 1524 ab
2287 1486 2342 1524 eis
2455 1483 2577 1538 [lanta

2084 1551 2214 1578 XXIIII
2223 1541 2251 1562 ⁸⁷
2270 1540 2367 1579 Cum
2386 1544 2506 1578 autem

2080 1595 2190 1645 signa
2209 1595 2361 1633 fecisset
2380 1600 2500 1633 cora-

2080 1725 2149 1763 Eis
2169 1737 2249 1764 non
2269 1725 2476 1764 credebant

2081 1780 2117 1818 ei
2136 1780 2164 1801 ⁸⁸
2176 1787 2216 1817 ut
2236 1791 2364 1818 sermo
2384 1780 2509 1818 eseiae

2080 1834 2251 1884 profetae
2270 1834 2476 1884 inpleretur

2080 1900 2197 1938 quem
2218 1888 2308 1926 dixit

2136 1942 2224 1980 dme
2244 1942 2331 1992 quis
2351 1941 2519 1980 crededit

2136 1997 2280 2035 auditui
2300 2003 2433 2034 nostro
2448 2004 2486 2033 et

2134 2050 2355 2089 bracchium
2371 2050 2450 2088 dffii

2136 2105 2196 2143 cui
2215 2105 2426 2143 reuelatum
2442 2110 2499 2142 est

2080 2159 2580 2209 ⁵⁹Propterean0npotera*

2082 2213 2237 2252 credere
2259 2213 2349 2263 quia
2368 2213 2463 2250 dixit

2080 2268 2218 2306 iterum
2241 2268 2364 2305 eseias

2135 2322 2164 2342 ⁴⁰
2177 2321 2375 2359 excecauit
2393 2319 2527 2359 oculus

2136 2387 2271 2413 eorum
2291 2382 2327 2413 et
2346 2375 2484 2413 indura

2137 2430 2191 2467 uit
2211 2442 2277 2468 cor
2298 2441 2431 2467 eorum
2450 2435 2492 2467 ut

2138 2495 2218 2522 non
2237 2483 2393 2522 uideant
2413 2495 2489 2522 ocu

2137 2537 2182 2576 lis
2201 2544 2238 2576 et
2259 2538 2378 2576 corde
2397 2537 2489 2575 intel

2139 2592 2269 2642 legant
2289 2599 2327 2630 et
2346 2603 2494 2630 conuer

2139 2653 2267 2684 tantur
2285 2653 2323 2684 et
2342 2657 2476 2684 sanem

2138 2700 2224 2738 illos

2083 2754 2110 2776 ⁴¹
2120 2754 2231 2792 Haec
2244 2753 2464 2791 dixiteseias
2472 2764 2576 2802 quan

2084 2808 2136 2847 do
2154 2807 2248 2846 uidit
2268 2806 2509 2844 maiestatem

2084 2863 2166 2900 eius
2204 2868 2241 2899 et
2259 2861 2406 2898 locutus
2426 2867 2483 2898 est

2083 2916 2131 2954 de
2151 2927 2199 2954 eo
2254 2915 2282 2936 ⁴²
2295 2915 2445 2952 interim
2465 2921 2503 2952 ta

2083 2981 2172 3008 men
2192 2982 2239 3008 ex
2260 2968 2495 3020 principibus

2471 3069 2524 3095 ΧΠ
