2866 3346
270 210 664 266 xx11.44—xx111.35.]
719 211 1137 253 EUANG'ELIUM
1166 213 1279 254 SEC

270 302 351 336 Fol.
371 305 431 335 25.

325 348 353 369 ⁴⁴
367 347 466 386 dixit
475 346 671 386 dns-drio-
682 357 772 384 meo

327 401 419 440 sede
439 414 462 439 a
482 401 627 440 dextris
647 401 744 439 meis

325 456 453 494 donec
473 468 620 506 ponam
641 456 694 493 ini

324 511 447 549 micos
471 517 557 549 tuos
577 509 706 548 scabel

324 565 404 603 lum
424 565 569 615 pedum
589 570 735 603 tuoru-

269 618 299 640 ⁴⁵
316 618 357 657 Si
377 631 472 670 ergo
492 619 610 658 dauid
630 620 671 656 in
691 623 765 668 spu

631 671 765 727 [uocat

269 740 359 766 eum
380 728 472 767 dom
493 729 694 779 quomodo

269 782 368 821 filius
387 783 469 821 eius
482 789 538 822 est
651 780 770 836 [spon

268 837 298 858 ⁴⁶
313 837 364 875 Et
392 849 510 876 nemo
539 844 688 887 poterat
711 849 769 875 re-

269 891 360 930 dere
380 892 415 930 ei
434 893 596 930 uerbum
613 903 739 943 neque

269 957 385 984 ausus
404 953 460 984 est
479 948 685 997 quisquam

269 1013 317 1038 ex
338 1000 389 1038 illi
410 1001 472 1039 die
493 1013 582 1039 eum
602 1000 769 1051 amplius

268 1055 505 1104 interrogare
701 1052 772 1107 [est

266 1119 344 1146 va
356 1115 396 1146 23
411 1109 424 1130 ¹
443 1109 549 1147 Tunc
560 1109 620 1147 ms
631 1110 770 1147 locutus

267 1164 317 1202 ad
337 1164 469 1202 turbas
489 1170 526 1202 et
546 1164 594 1202 ad
622 1164 768 1213 discipu

266 1219 326 1257 los
346 1230 437 1257 suos
455 1217 614 1257 ²dicens
635 1229 751 1268 super

266 1273 490 1311 cathedram
509 1273 634 1322 moysi
654 1272 745 1311 sede

266 1333 354 1365 runt
374 1327 520 1366 scribae
540 1334 577 1365 et
595 1326 708 1378 phari

267 1383 322 1420 sei
401 1382 558 1420 ³omnia
577 1394 670 1432 ergo
690 1393 766 1431 que

266 1448 435 1487 cumque
454 1436 593 1475 dixerit
611 1437 725 1475 uobis

266 1499 415 1530 seruate
435 1498 474 1530 et
493 1491 606 1530 facite
627 1497 753 1529 secu*

266 1546 359 1584 dum
378 1546 479 1585 facta
497 1558 592 1584 uero
613 1552 734 1585 eoru-

267 1612 317 1639 ne
337 1600 501 1639 feceritis
521 1601 656 1638 dicunt

266 1655 371 1693 enim
390 1661 427 1693 et
440 1655 515 1705 ipsi
527 1667 608 1693 non
621 1654 766 1693 faciunt

266 1742 468 1793 ‘Adligant
487 1749 615 1781 autem
633 1742 738 1782 hone

265 1810 308 1836 ra
327 1798 460 1847 grauia
479 1804 517 1836 et
536 1798 729 1847 inponunt

266 1864 382 1902 supra
400 1864 554 1890 umeros
573 1852 681 1890 homi

265 1918 360 1944 num
380 1906 500 1956 digito
520 1913 650 1944 autem
669 1919 741 1946 suo

264 1961 401 2000 nolunt
420 1973 467 1999 ea
486 1973 646 1999 mouere

265 2015 428 2055 ⁵Omnia
446 2028 540 2065 ergo
559 2028 677 2065 opera
696 2027 766 2054 sua

268 2070 413 2108 faciunt
432 2076 474 2108 ut
493 2070 697 2108 uideantur

264 2125 314 2163 ab
334 2124 554 2164 hominibus
574 2124 651 2163 dila

264 2185 347 2217 tant
365 2180 471 2217 enim
491 2179 671 2217 filacteria

264 2244 333 2272 sua
352 2240 390 2272 et
405 2233 656 2284 magnificant

263 2288 435 2327 fimbrias
454 2288 689 2327 uestimento

262 2354 348 2380 rum
369 2354 524 2381 suorum
647 2340 763 2396 [mu-

264 2396 423 2435 ⁶Amant
442 2404 572 2436 autem
590 2403 628 2436 et
648 2398 726 2447 pri-

264 2450 495 2489 discubitum
515 2452 555 2489 in
574 2452 691 2490 conui

265 2505 336 2542 uiis
356 2511 393 2542 et
413 2506 556 2555 primas
575 2506 686 2544 cathe

265 2558 354 2597 dras
377 2559 415 2596 in
435 2560 633 2609 sinagogis

265 2613 279 2634 ⁷
293 2613 345 2651 Et
366 2613 611 2651 salutationes
630 2614 670 2651 in
690 2613 730 2653 fo

265 2679 310 2706 ro
330 2673 368 2705 et
388 2667 520 2706 uocari
541 2668 590 2706 ab
611 2667 721 2707 homi

263 2722 379 2760 nibus
397 2722 507 2760 rabbi

265 2775 366 2815 ⁸Uos
386 2783 516 2815 autem
528 2776 647 2815 nolite
664 2789 764 2817 uoca

263 2830 293 2868 ri
312 2831 422 2869 rabbi

264 2883 378 2923 Unus
398 2891 456 2923 est
474 2885 578 2924 enirn
597 2885 722 2937 magis
751 2895 754 2897 ’

265 2945 321 2978 ter
332 2947 461 2978 uester
515 2952 655 2979 omnes

594 3004 629 3026 es

264 3042 396 3077 autem
415 3049 488 3079 uos
508 3037 600 3078 fratr
618 3039 710 3080 estis

807 345 821 367 ⁹
832 345 884 384 Et
899 352 1048 396 patrem
1069 346 1190 385 nolite
1210 358 1262 385 uo

806 412 893 439 care
912 401 1024 440 uobis
1044 413 1159 451 super
1178 408 1236 439 ter

806 467 890 492 ram
909 466 1010 494 unus
1030 462 1088 493 est
1107 455 1212 494 enim

805 516 914 559 pater
933 516 1059 549 uester
1077 511 1143 560 qui
1161 509 1201 548 in
1221 522 1266 549 ce

804 564 850 601 lis
869 569 927 602 est

804 617 833 639 ¹⁰
849 617 933 656 Nec
953 618 1146 657 uocemini
1165 630 1231 657 ma

804 672 911 722 gistri
932 673 1023 723 quia
1042 673 1226 723 magister

803 732 931 765 uester
949 738 1049 765 unus
1069 734 1126 765 est
1147 730 1222 776 xps

804 780 831 801 ¹¹
844 781 910 831 qui
929 781 1055 819 maior
1070 788 1128 820 est
1143 788 1301 820 uestru-

803 835 873 873 erit
892 841 1019 873 uester
1036 835 1212 874 minister

803 888 1046 940 1²Quicumq·
1063 897 1193 928 autem
1206 902 1246 929 se
1256 902 1303 928 ex

803 943 977 982 altauerit
996 944 1195 982 humiliabi

804 1005 866 1036 tur
885 1004 922 1036 et
942 999 1101 1049 quicum
1121 1011 1162 1037 se
1182 998 1235 1037 hu

804 1052 1007 1091 miliauerit
1027 1052 1195 1091 exaltabi

804 1113 864 1144 tur

803 1160 934 1197 LX011³
954 1161 1032 1199 Uae
1050 1165 1171 1199 aulem
1191 1161 1295 1200 uobis

803 1215 951 1253 scribae
972 1222 1009 1253 et
1030 1215 1195 1265 pharisei

801 1268 1020 1319 hyprocrite
1044 1269 1133 1320 quia
1154 1270 1216 1308 clu

801 1323 888 1362 ditis
907 1336 1071 1373 regnum
1093 1324 1202 1363 caelo

801 1389 888 1415 rum
908 1385 997 1416 ante
1016 1378 1195 1417 homines

801 1444 872 1471 uos
891 1439 1020 1471 autem
1040 1445 1120 1471 non
1140 1434 1180 1471 in

800 1487 907 1525 tratis
927 1500 999 1526 nec
1014 1487 1192 1526 introeun

800 1541 849 1578 tis
870 1541 991 1580 sinitis
1010 1542 1150 1580 intrare

802 1594 923 1634 ¹⁴¹Uae
942 1596 1056 1635 uobis
1076 1596 1225 1635 scribae
1244 1603 1281 1636 et

1202 1649 1300 1705 [pha

800 1736 906 1776 Risei
925 1736 1126 1789 hyprocite
1146 1751 1227 1789 quo

799 1792 906 1830 niam
925 1793 1129 1831 comeditis
1149 1794 1202 1832 do

799 1858 885 1884 mos
904 1846 1110 1885 uiduarum
1130 1860 1179 1886 oc

799 1901 983 1939 cansione
1003 1901 1122 1952 longa
1141 1909 1235 1941 ora*

798 1961 856 1994 tes
876 1962 1032 2006 propter
1049 1956 1124 1995 hoc
1144 1957 1268 2007 adcipi

799 2010 869 2047 etis
889 2010 1057 2060 amplius
1077 2011 1259 2050 iudicium

800 2063 828 2085 ¹⁵
841 2063 927 2103 Uae
946 2065 1061 2104 uobis
1081 2067 1231 2104 scribae
1251 2072 1289 2104 et

1204 2118 1300 2174 [pha

798 2172 887 2211 risei
906 2172 1104 2224 hyprocite
1125 2175 1216 2225 quia

798 2228 965 2266 circuitis
985 2240 1091 2267 mare
1107 2236 1144 2267 et
1164 2229 1219 2267 ari

798 2281 889 2319 dam
908 2289 950 2320 ut
968 2294 1090 2321 unum
1109 2295 1229 2334 prosy

797 2335 906 2374 litum
926 2336 1072 2375 faciatis
1091 2343 1129 2375 et
1155 2350 1246 2376 cum

797 2390 909 2428 fuerit
928 2391 1052 2430 factus
1072 2391 1195 2430 facitis

796 2457 886 2483 eum
910 2445 1030 2483 filium
1049 2446 1227 2496 gehenne

798 2499 919 2549 duplo
939 2512 1057 2550 quam
1077 2513 1150 2539 uos

796 2552 910 2592 1⁶Uae
928 2555 1043 2593 uobis
1062 2554 1179 2594 duces
1194 2555 1300 2594 caeci

798 2607 864 2657 qui
884 2608 1006 2646 dicitis
1026 2609 1222 2660 quicumq-

797 2661 976 2700 iurauerit
994 2663 1034 2700 in
1054 2663 1245 2712 templum

799 2715 894 2753 nihil
912 2721 970 2754 est
990 2717 1056 2766 qui
1076 2725 1207 2755 autem

798 2769 980 2808 iurauerit
999 2770 1039 2807 in
1059 2782 1155 2809 auro
1173 2776 1240 2810 te-

797 2823 851 2873 pli
870 2823 1019 2862 debitor
1038 2831 1095 2862 est

798 2877 940 2916 1⁷Stulti
948 2878 1295 2929 etcaeciquideni-

799 2932 925 2970 maius
945 2939 1003 2971 est
1022 2944 1158 2971 aurum
1179 2939 1244 2972 aut

800 2986 988 3036 templum
1008 2986 1114 3037 quod
1134 2999 1241 3030 sancv

798 3040 919 3080 tifieat
938 3053 1074 3080 aurum

1758 217 1847 256 MA
1859 216 2071 256 TTEUM

1377 303 1459 335 1⁸01.
1478 305 1537 335 26.

1376 346 1403 368 1⁸
1415 347 1467 386 Et
1486 348 1721 399 quicumque
1739 349 1822 388 iura

1376 402 1472 440 uerit
1491 402 1531 440 in
1551 403 1668 441 altare
1688 403 1783 441 nihil

1377 463 1435 494 est
1490 456 1559 495 sed
1588 458 1824 508 quicumque

1375 510 1554 550 iurauerit
1574 512 1613 549 in
1634 512 1740 551 dono
1760 512 1866 563 quod

1377 572 1434 603 est
1454 578 1569 616 super
1588 566 1695 604 illum
1716 567 1806 606 debi

1375 625 1437 658 tor
1451 627 1509 658 est
1521 620 1548 642 ¹⁹
1559 621 1662 659 caeci
1675 622 1768 671 quid
1782 622 1874 660 eni-

1376 675 1501 713 maius
1521 682 1579 713 est
1643 676 1793 714 donum
1812 683 1878 715 aut

1376 729 1494 767 altare
1514 729 1622 780 quod
1642 730 1791 769 sanctifi

1376 789 1438 821 cat
1458 783 1617 822 altarem
1654 783 1684 806 ²⁰
1696 786 1763 835 qui
1782 797 1876 836 ergo

1375 838 1556 876 iurauerit
1576 838 1615 876 in
1635 839 1793 879 altarem

1376 892 1472 930 iurat
1485 900 1521 931 et
1534 893 1574 930 in
1586 905 1635 932 eo
1693 900 1731 932 et
1750 894 1789 932 in
1810 906 1876 933 om

1375 947 1489 986 nibus
1509 960 1583 998 que
1603 959 1720 999 super
1739 949 1831 986 illud

1375 1000 1403 1023 ²¹
1416 1007 1453 1039 et
1473 1003 1538 1052 qui
1557 1002 1736 1041 iurauerit
1751 1004 1792 1041 in
1808 1011 1876 1042 te-

1374 1055 1439 1105 plo
1459 1056 1554 1094 iurat
1573 1057 1612 1094 in
1633 1057 1698 1096 illo
1717 1064 1756 1096 et
1776 1058 1843 1108 qui

1374 1110 1521 1150 habitat
1534 1111 1572 1148 in
1586 1112 1671 1161 ipso
1684 1111 1829 1162 ²²etqui
1837 1112 1876 1150 iu

1375 1171 1431 1203 rat
1452 1165 1492 1202 in
1512 1166 1622 1204 caelo
1639 1166 1737 1204 iurat
1757 1166 1796 1203 in
1817 1174 1875 1205 tro

1374 1231 1427 1257 no
1441 1218 1482 1256 di
1521 1227 1558 1258 et
1578 1220 1617 1257 in
1630 1232 1678 1258 eo
1691 1221 1756 1271 qui
1770 1221 1877 1259 sedet

1375 1285 1490 1323 super
1509 1274 1637 1324 ipsum

1373 1327 1488 1366 ²³Uae
1508 1329 1621 1367 uobis
1641 1329 1790 1368 scribae
1810 1335 1848 1368 et

1374 1381 1541 1433 pharisei
1560 1383 1759 1433 hyprocite

1373 1437 1464 1488 quia
1483 1437 1684 1476 decimatis
1709 1444 1871 1477 menta*

1372 1499 1410 1530 et
1434 1498 1592 1530 anetum
1612 1498 1650 1530 et
1670 1493 1861 1543 cyminu-

1372 1552 1410 1584 et
1428 1546 1661 1597 relinquistis
1684 1560 1786 1598 quae

1369 1601 1548 1651 grauiora
1566 1608 1676 1640 erant
1694 1602 1792 1653 legis

1370 1743 1562 1783 Iudicium
1582 1750 1619 1783 et
1638 1745 1735 1783 mise

1369 1799 1576 1838 ricordiam
1633 1805 1671 1837 et
1690 1799 1794 1838 fide-

1370 1853 1467 1891 haec
1487 1860 1695 1904 oportuera
1714 1853 1752 1891 fa

1370 1920 1454 1946 cere
1475 1915 1512 1946 et
1532 1908 1595 1946 illa
1615 1920 1697 1947 non
1720 1907 1816 1946 omit

1368 1968 1447 2000 tere

1368 2017 1398 2037 2⁴
1410 2016 1540 2055 Duces
1559 2016 1662 2055 caeci
1682 2016 1816 2067 liquan

1370 2078 1426 2109 tes
1446 2071 1609 2110 culicem
1630 2071 1755 2110 camel

1369 2126 1448 2163 lum
1472 2133 1602 2164 autem
1621 2125 1732 2176 glutti

1368 2187 1475 2218 entes

1368 2235 1397 2256 ²⁶
1409 2235 1493 2273 Uae
1512 2234 1627 2273 uobis
1648 2234 1797 2274 scribae
1813 2241 1852 2274 et

1370 2289 1534 2340 pharisei
1554 2289 1752 2340 hyprocite

1369 2345 1460 2394 quia
1480 2344 1700 2382 emundatis

1369 2399 1477 2449 quod
1496 2398 1637 2437 deforis
1657 2405 1714 2437 est
1729 2398 1803 2436 cali

1368 2454 1422 2491 cis
1442 2453 1479 2491 et
1499 2453 1714 2503 parapsidis
1733 2453 1837 2492 intus

1367 2514 1498 2546 autem
1518 2507 1654 2557 plenas
1674 2514 1764 2545 sunt

1368 2563 1524 2613 rapinas
1581 2569 1618 2601 et
1638 2562 1759 2599 intem

1368 2625 1540 2675 perentia
1554 2623 1582 2644 ²⁶
1592 2615 1759 2674 pharisei

1369 2681 1414 2717 ae
1435 2691 1525 2717 cece
1546 2679 1694 2716 munda
1714 2679 1821 2728 prius

1369 2733 1477 2784 quod
1497 2732 1545 2770 de
1566 2733 1667 2770 intus
1686 2741 1744 2771 est
1763 2744 1810 2771 ca

1366 2787 1448 2825 licis
1469 2793 1511 2824 ut
1530 2786 1595 2824 fiat
1615 2792 1652 2824 et
1670 2786 1709 2824 id
1729 2786 1838 2838 quod

1368 2841 1508 2880 deforis
1528 2847 1585 2878 est
1604 2852 1727 2879 unum

1366 2895 1556 2934 mundum
1854 2918 1855 2922 =

1367 2949 1486 2988 ²⁷Uae
1494 2949 1607 2987 uobis
1615 2949 1867 3002 scribeetpha

1367 3004 1453 3044 risei
1471 3003 1669 3055 hyprocite

2366 231 2412 268 Ι3

1911 347 2018 395 Quia
2037 348 2180 387 similes
2200 348 2290 387 estis
2310 360 2352 388 se

1913 402 2055 453 pulcris
2074 403 2261 442 dealbatis
2277 425 2286 434 ·

1913 458 2005 508 quia
2024 457 2117 497 foris
2136 464 2273 508 parent
2293 457 2344 496 ho

1913 512 2083 550 minibus
2103 512 2281 562 speciosa
2299 513 2340 550 in

1911 573 1973 605 tus
1992 579 2085 605 uero
2104 567 2220 617 plena
2238 573 2327 605 sunt

1911 621 2064 659 ossibus
2084 628 2327 660 mortuorum

1912 681 1950 712 et
1969 676 2078 713 omni
2097 676 2277 726 spurcitia
2293 698 2302 706 ·

1912 728 1996 767 2‘³sic
2003 736 2118 768 etuos
2131 730 2253 768 aforis
2261 729 2414 781 quide-

1911 784 2056 833 paretis
2080 784 2304 823 hominibus
2323 785 2414 824 iusti

1911 838 2016 876 intus
2035 845 2164 877 autem
2185 839 2290 889 pleni
2310 851 2353 877 es

1911 893 1959 931 tis
1980 892 2189 944 hyprocitis
2208 900 2246 932 et
2265 894 2387 945 iniqui

1910 953 1988 985 tate

1910 1001 2032 1040 ²⁹Uae
2051 1001 2164 1040 uobis
2184 1002 2329 1041 scribae
2348 1008 2387 1041 et

1911 1056 1998 1095 risei
2011 1056 2210 1106 hyprocite
2218 1057 2307 1106 quia
2317 1054 2414 1111 [pha

1911 1111 2120 1149 aedificatis
2140 1112 2315 1161 sepulcra

1910 1166 2148 1215 profetarum
2168 1172 2206 1204 et
2226 1178 2272 1204 or

1911 1220 2010 1258 natis
2025 1227 2281 1259 monumenta

1910 1274 2101 1312 iustorum

1909 1327 1938 1349 ³⁰
1950 1328 2000 1366 Et
2012 1328 2137 1367 dicitis
2149 1329 2241 1379 quia
2253 1329 2284 1367 si
2297 1328 2413 1368 fuisse

1909 1394 1997 1420 mus
2013 1382 2053 1421 in
2073 1383 2209 1422 diebus
2229 1390 2412 1434 patruum

1909 1443 2129 1476 nostrorum
2150 1450 2230 1477 non
2250 1450 2291 1476 es

1910 1503 2039 1530 semus
2059 1492 2153 1531 socii
2173 1493 2346 1543 ipsorum

1908 1546 1947 1584 in
1968 1547 2156 1598 sanguine
2175 1547 2329 1598 profeta

1907 1612 1994 1639 rum

1906 1742 1935 1765 ³¹
1948 1742 2087 1795 Itaque
2106 1744 2372 1783 testimonium

1906 1798 2067 1836 redditis
2086 1799 2201 1837 uobis
2220 1800 2313 1849 quia

1905 1852 1957 1890 fili
1977 1865 2112 1891 eorum
2132 1854 2223 1892 estis
2243 1854 2310 1903 qui

1905 1907 2076 1957 profetas
2095 1908 2321 1946 occiderunt

1904 1962 1934 1983 ³2
1948 1968 1986 1999 et
2004 1974 2077 2000 uos
2095 1962 2237 2012 inplete
2257 1974 2396 2001 mensu

1905 2028 1988 2054 ram
2008 2022 2162 2066 patrum
2180 2023 2311 2055 uestro

1903 2082 1989 2108 rum
2007 2071 2038 2092 ³³
2054 2078 2251 2122 serpentes
2270 2083 2371 2121 gene

1904 2125 2001 2164 ratio
2020 2126 2239 2175 uiperarum
2255 2138 2335 2175 quo

1904 2179 2024 2218 modo
2047 2180 2236 2230 effugietis
2256 2193 2279 2219 a
2298 2181 2338 2218 iu

1904 2234 2049 2272 dicium
2069 2235 2249 2285 gehenne

1902 2286 2029 2327 ³⁴Ideo
2042 2301 2134 2328 ecce
2146 2302 2220 2339 ego
2231 2288 2341 2327 mitto
2353 2288 2404 2327 ad

1904 2354 1976 2381 uos
1996 2343 2205 2394 prophetas
2224 2349 2262 2381 et
2281 2343 2364 2392 sapi

1902 2398 2001 2435 entis
2019 2405 2057 2436 et
2076 2399 2220 2435 scribas
2239 2404 2276 2434 et
2294 2409 2344 2435 ex

1904 2452 1975 2489 illis
1995 2452 2177 2490 occidetis
2196 2459 2234 2490 et
2252 2463 2320 2489 cru

1902 2507 1938 2544 ci
1958 2506 2080 2556 figetis
2100 2512 2137 2544 et
2155 2505 2348 2555 flagellabi

1902 2560 1949 2598 tis
1968 2561 2007 2597 in
2028 2560 2238 2610 synagogis
2257 2566 2294 2597 et
2313 2571 2384 2610 per

1902 2615 2107 2664 sequimini
2127 2615 2175 2652 de
2195 2614 2347 2653 ciuitate

1902 2669 1942 2706 in
1958 2668 2111 2706 ciuitate
2118 2668 2148 2690 ³⁵
2161 2675 2199 2707 et
2213 2669 2342 2706 ueniat
2355 2680 2401 2707 su

1902 2735 1972 2772 per
1991 2735 2063 2762 uos
2082 2723 2211 2761 omnis
2231 2723 2389 2772 sanguis

1902 2777 2025 2816 iustus
2045 2778 2112 2828 qui
2132 2777 2341 2816 effunditur

1903 2843 2019 2881 super
2031 2839 2170 2870 terram
2180 2832 2400 2881 asanguine

1902 2886 1988 2924 abel
2007 2886 2094 2924 iusti
2109 2898 2234 2936 usque
2254 2887 2304 2923 ad
2330 2897 2402 2924 san

1900 2940 2018 2990 guine
2038 2941 2258 2980 zacchariae
2278 2940 2331 2978 fili

1899 2994 2093 3035 barachiel
2109 3007 2226 3047 quem
2244 3006 2292 3034 oc
