2820 3334
502 226 575 263 118

1102 223 1179 261 ΡΑ
1186 221 1451 261 LIMPSES
1455 222 1495 260 T
1492 222 1563 262 US
1594 223 1669 261 FL
1677 223 1814 262 ORIA
1823 224 2037 265 CENSIS

831 343 869 365 10
882 333 1016 365 cerunt
1054 324 1106 378 ei]
1148 337 1288 364 manus
1325 332 1362 364 et
1399 326 1661 376 perduxerunt
1695 327 1745 365 ad
1778 328 2054 377 proconsulem
2093 329 2121 351 ¹³
2135 331 2195 369 cla

878 378 1048 433 mantes]
1096 387 1134 419 et
1172 380 1355 419 dicentes·
1395 381 1484 431 quia
1521 381 1705 419 aduersus
1742 381 1868 431 legem
1916 383 2051 421 suadet
2088 383 2195 422 homi

880 435 993 473 nibus
1031 434 1056 471 d
1078 447 1118 472 m
1148 435 1272 473 colere
1299 435 1327 456 ¹⁴
1339 441 1377 472 et
1406 446 1498 472 cum
1523 435 1638 473 uellet
1670 435 1807 485 paulus
1844 447 1889 474 os
1923 438 2068 486 aperire
2100 438 2195 476 dixit

882 489 1000 539 gallio
1030 432 1100 541 aid
1131 488 1280 527 iudeos·
1309 488 1340 526 si
1369 495 1469 527 esset
1502 489 1630 539 aliqua
1667 489 1846 539 iniquitas
1874 490 1914 528 in
1952 502 2000 529 eo
2038 491 2099 530 uel
2136 492 2195 530 fac

879 544 966 581 inus
1004 555 1082 593 neq
1105 554 1208 580 uam·
1248 555 1273 582 0
1310 542 1381 580 uiri
1418 542 1522 581 iudei
1562 550 1665 581 recte
1707 555 1778 582 uos
1818 545 2045 583 sustinerem
2083 545 2112 567 ¹⁵
2127 546 2195 584 sed

883 598 914 635 si
962 609 1083 647 quaes
1105 597 1230 635 tiones
1277 596 1426 647 aliquae
1474 604 1563 635 sunt
1610 597 1710 635 inter
1756 610 1828 636 uos
1871 599 1933 636 uel
1979 599 2028 637 de
2075 600 2196 638 uerbo

882 650 945 688 uel
979 651 1028 689 de
1057 648 1267 703 no]minib·
1297 651 1359 689 uel
1398 651 1446 689 de
1481 651 1565 700 lege
1595 658 1722 690 uestra
1759 652 1831 701 ipsi
1863 652 2046 691 uideritis·
2079 654 2194 691 iudex

881 704 1020 743 horum
1051 702 1164 758 n]olo
1197 717 1281 743 esse
1313 704 1339 726 ¹⁶
1355 711 1392 742 et
1419 705 1561 743 dimisit
1589 717 1658 743 eos
1689 718 1711 743 a
1731 706 1912 744 tribunali
1938 719 2010 746 suo
2039 707 2067 729 ¹⁷
2082 714 2120 746 et
2147 711 2195 746 c6

882 756 1188 812 prehen]derunt
1316 759 1445 808 graeci
1574 765 1757 798 sostenen
1885 760 2195 811 archisynagogi]

879 820 917 851 et
983 810 1222 865 cecid]erunt
1298 819 1386 850 ante
1460 812 1627 851 tribunal
1692 821 1730 851 et
1803 814 1919 863 gallio
1995 816 2198 853 simulabat

832 879 927 905 aose
974 879 1054 905 non
1102 863 1254 919 ui]dere
1293 867 1320 888 ¹⁸
1335 878 1432 916 paus
1472 873 1600 904 autem
1640 875 1904 906 commoratus
1941 869 2013 907 illic
2054 870 2196 919 conplu

878 921 982 958 ribus
1043 921 1103 958 die
1127 923 1197 958 bus
1258 920 1435 958 ualefecit
1505 920 1648 959 fratrib·
1705 923 1894 974 nauigans
1954 923 1994 960 in
2055 923 2196 972 syriam

879 981 918 1013 et
954 986 1044 1012 cum
1082 987 1103 1012 e
1126 987 1150 1012 o
1188 974 1352 1024 priscilla
1389 981 1427 1012 et
1474 975 1602 1024 aquila
1639 975 1706 1025 qui
1745 983 1879 1014 uotum
1918 988 2008 1015 cum
2046 977 2196 1015 fecisset

880 1025 1075 1081 cenchris]
1108 1028 1236 1078 capud
1269 1028 1396 1066 tondit
1430 1028 1458 1049 ¹⁹
1473 1037 1511 1067 et
1540 1041 1630 1067 cum
1664 1030 1832 1068 uenisset
1866 1030 2054 1080 ephesum
2085 1031 2123 1068 in
2154 1043 2195 1069 se

1428 1128 1570 1157 XVIII
1576 1151 1582 1157 .
1605 1129 1709 1159 8-19.

1240 1273 1362 1299 ACTUS
1391 1273 1673 1300 APOSTOLORUM
1702 1273 1911 1300 SANTORUM

878 1345 1125 1384 Confitentur
1189 1358 1274 1385 esse
1349 1347 1669 1386 resurrectionem
1745 1354 1783 1386 et
1865 1345 2067 1400 ang[elum
2113 1356 2152 1387 et

879 1404 967 1450 ssim
1000 1401 1065 1438 ”et
1090 1412 1179 1439 cum
1208 1401 1356 1439 clamor
1383 1408 1491 1439 ortus
1517 1408 1619 1440 esset
1646 1402 1747 1439 inter
1775 1413 1843 1440 eos
1862 1401 1940 1439 diui
1965 1402 2154 1441 debantur

878 1462 916 1493 et
945 1454 1104 1505 quidam
1133 1454 1182 1492 de
1221 1455 1357 1493 scribis
1385 1461 1423 1493 et
1454 1462 1563 1505 parte
1591 1455 1861 1505 phariseorum
1892 1468 1940 1494 60
1962 1457 2135 1495 ntradice

877 1509 971 1546 bant
1001 1508 1172 1547 dicentes
1200 1509 1294 1559 quid
1323 1515 1452 1548 autem
1478 1509 1567 1547 mali
1595 1507 1629 1536 in
1657 1509 1731 1547 hoc
1758 1509 1915 1548 homine
1961 1510 2091 1548 inueni

877 1574 963 1601 mus
984 1561 1155 1613 ssipspus
1187 1563 1338 1601 locutus
1369 1570 1426 1602 est
1457 1563 1507 1601 ad
1541 1575 1631 1600 eum
1664 1564 1726 1601 uel
1755 1563 1917 1613 angelus
1966 1563 1994 1585 ¹⁰
2009 1570 2047 1602 et
2079 1568 2128 1603 61“1

876 1613 1018 1670 e[s]set
1058 1618 1156 1655 inter
1201 1617 1287 1655 illos
1324 1629 1470 1667 magna
1509 1617 1700 1656 dissensio
1739 1617 1880 1655 timens
1917 1615 2110 1670 tr[ibunus

877 1683 927 1709 ne
965 1678 1183 1721 carperetur
1229 1672 1279 1709 ab
1318 1672 1373 1709 eis
1407 1671 1545 1721 paulus
1573 1672 1681 1710 iussit
1714 1683 1920 1710 numerum
1959 1672 2095 1723 {militi-1

876 1726 1009 1763 uenire
1040 1731 1079 1763 et
1108 1738 1243 1775 rapere
1275 1737 1366 1763 eum
1400 1726 1448 1763 de
1477 1725 1607 1763 medio
1636 1726 1807 1775 ipsorum
1837 1732 1875 1764 et
1904 1726 1950 1764 ad
1975 1726 2114 1764 ducere

876 1779 917 1816 111
954 1785 1079 1817 castra
1116 1778 1143 1800 11
1156 1779 1333 1829 sequenti
1371 1785 1499 1818 autem
1537 1787 1650 1817 nocte
1688 1779 1832 1818 adstitit
1869 1780 1904 1818 ei
1933 1780 1957 1818 d
1980 1785 2025 1818 fis
2063 1787 2100 1818 et
2130 1781 2181 1818 ait

826 1847 866 1870 10
878 1834 986 1871 bono
1032 1833 1164 1871 animo
1209 1840 1293 1871 esto
1330 1834 1445 1883 paule
1483 1833 1684 1884 quomodo
1731 1834 1835 1871 enim
1875 1835 1956 1872 testi
1981 1834 2155 1873 monium

874 1887 1104 1937 perhibebas
1159 1886 1425 1937 hierosolymis
1480 1888 1531 1925 ita
1582 1894 1728 1926 oportet
1784 1894 1821 1925 et
1873 1900 1955 1926 rom
1981 1901 2026 1926 ae
2073 1889 2158 1926 testi

873 1941 1049 1979 monium
1089 1940 1215 1979 dicere
1237 1942 1280 1963 '¹²
1293 1949 1329 1980 et
1367 1953 1456 1979 cum
1491 1942 1574 1980 dies
1612 1942 1733 1979 sactus
1767 1949 1824 1980 est
1856 1954 1956 1991 cong
1979 1955 2118 1992 regaue

874 2001 964 2033 runt
1001 2007 1041 2034 se
1070 1995 1227 2045 quidam
1263 2007 1312 2033 ex
1345 1996 1467 2035 iudeis
1504 2002 1542 2034 et
1575 1995 1815 2034 deuouerunt
1846 2008 1887 2034 se
1918 1996 1955 2034 di
1980 2003 2111 2034 centes

876 2061 1005 2099 neque
1069 2049 1182 2088 edere
1234 2061 1384 2100 nequae
1439 2050 1570 2088 uiuere
1628 2051 1754 2088 donec
1806 1998 2046 2102 occiderient
2092 2050 2207 2100 paulu

876 2102 904 2124 ¹³
919 2110 1000 2141 erat
1024 2110 1152 2141 autem
1180 2103 1266 2153 plus
1295 2116 1345 2142 xr„
1371 2103 1436 2154 qui
1469 2115 1509 2141 se
1534 2103 1775 2142 deuouerant
1803 2102 1831 2124 ¹⁴
1845 2116 1958 2142 acces
1982 2112 2112 2142 serunt

872 2157 1000 2207 itaque
1046 2157 1097 2195 ad
1139 2157 1358 2196 sacerdotes
1396 2165 1434 2196 et
1481 2158 1645 2195 maiores
1686 2165 1780 2195 natu
1825 2164 1862 2196 et
1893 2158 1956 2196 dix
1982 2165 2090 2196 erunt

874 2212 1106 2249 deuobimus
1139 2223 1212 2249 nos
1245 2224 1295 2249 ne
1333 2212 1427 2262 quid
1464 2219 1664 2261 gustemus
1704 2212 1743 2249 in
1782 2219 1903 2250 totum
1934 2213 1958 2250 d
1982 2224 2080 2250 onec
2115 2213 2199 2250 occi

875 2260 1012 2302 damus
1051 2266 1205 2314 paulum
1247 2265 1275 2286 ¹⁶
1290 2278 1395 2304 nunc
1428 2265 1557 2316 itaque
1591 2277 1775 2315 rogamus
1809 2278 1879 2304 uos
1911 2265 1963 2304 ho
1987 2279 2007 2304 c
2047 2267 2160 2304 nobis

874 2320 1072 2368 praestetis
1109 2326 1366 2369 congraegate
1415 2320 1622 2357 concilium
1658 2327 1696 2357 et
1738 2320 1855 2369 petite
1902 2332 1925 2357 a
1984 2320 2139 2357 tribuno

822 2386 864 2409 20
878 2373 932 2409 uti
969 2372 1162 2410 deducant
1199 2385 1288 2411 eum
1326 2372 1375 2410 ad
1413 2385 1485 2411 uos
1522 2380 1721 2424 tamquam
1755 2374 1894 2411 certius
1929 2373 2089 2423 aliquid
2126 2374 2165 2410 in

875 2426 1048 2476 quisituri
1086 2427 1134 2464 de
1167 2439 1216 2464 eo
1250 2438 1323 2464 nos
1354 2434 1482 2464 autem
1515 2428 1637 2477 parati
1667 2427 1808 2465 erimus
1838 2427 1888 2466 ad
1917 2440 1964 2464 ne
1988 2427 2156 2465 candum

873 2491 964 2518 eum
994 2480 1080 2518 licet
1105 2486 1281 2529 oporteat
1313 2480 1362 2518 ad
1395 2492 1467 2518 nos
1498 2481 1596 2518 mori
1630 2481 1656 2501 ¹⁶
1669 2481 1737 2519 sed
1766 2493 1855 2519 cum
1888 2482 1962 2519 aud
1987 2482 2116 2519 iuisset

874 2533 1024 2572 iuuenis
1072 2533 1172 2572 filius
1229 2534 1370 2572 sororis
1414 2534 1518 2584 pauli
1561 2535 1863 2573 conuentionem
1910 2533 2066 2588 eo[rum
2087 2547 2135 2572 ue

1419 2627 1576 2658 XXIII.
1601 2628 1704 2657 8-16.

1224 2775 1346 2802 ACTUS
1375 2775 1656 2804 APOSTOLORUM
1683 2775 1893 2803 SANTORUM

875 2847 944 2886 Nit
973 2848 1023 2887 ad
1052 2847 1198 2899 casltra
1226 2856 1265 2888 et
1293 2850 1447 2888 intrauit
1477 2850 1527 2888 ad
1555 2850 1714 2900 paulum
1745 2857 1783 2889 et
1808 2850 1988 2889 indicauit
2016 2851 2051 2889 ei

875 2902 903 2923 ¹⁷
915 2902 966 2940 Et
994 2901 1168 2956 uocau]it
1190 2904 1327 2954 paulus
1355 2916 1476 2942 unum
1499 2917 1547 2942 ex
1578 2904 1831 2943 centurionib·
1860 2911 1897 2943 et
1926 2905 2019 2943 dixit
2044 2905 2080 2943 ei
2106 2905 2193 2943 iuue

877 2967 967 2992 nem
1005 2953 1140 3008 ist]um
1179 2959 1255 2996 duc
1303 2958 1352 2995 ad
1391 2959 1588 2996 tribunum
1627 2958 1743 2997 habet
1781 2959 1885 2996 enim
1917 2959 2025 3008 quod
2064 2958 2115 2996 illi
2152 2959 2191 2995 in

2313 1262 2422 1301 Folio
2448 1275 2520 1311 124

2291 2764 2402 2804 Folio
2427 2777 2441 2802 1
2451 2777 2470 2803 2
2478 2777 2499 2811 4
2520 2776 2625 2802 uerso
