2866 3346
506 206 556 243 34

503 282 587 313 1¹01.
603 282 666 314 66.

504 324 637 364 Potest
656 337 838 364 cecorum
858 338 884 365 o

502 380 612 418 culus
631 380 779 430 aperire

504 432 592 470 xx²¹
610 433 734 472 Facta
752 438 806 472 est
823 438 941 472 aulem
964 434 1005 472 de

503 487 644 526 dicatio
664 488 703 526 in
726 488 880 527 iheroso

502 541 603 579 limis
622 541 772 592 hiemps
792 549 871 580 erat
889 542 962 581 2²³et

502 595 726 634 ambulabat
747 596 804 635 ihs
823 597 861 634 in
881 609 953 647 por

501 649 622 688 ticum
642 650 859 690 solomonis

502 704 542 741 in
563 703 710 755 templo

501 757 886 797 2⁴Circumdederunt
905 765 987 798 eu-

500 811 603 851 iudei
622 819 661 851 et
680 812 812 851 dicunt
831 813 867 852 ei
885 825 931 852 us

501 878 660 917 quequo
680 867 851 905 animam
871 880 944 907 nos

502 927 601 959 tram
621 920 722 959 tollis
742 922 771 959 si
792 928 834 959 tu
854 934 895 960 es
915 926 988 972 xps

501 974 564 1013 dic
584 975 698 1014 nobis
717 976 846 1025 palam
888 975 984 1014 ²⁶res

500 1029 638 1079 pondit
657 1030 712 1068 eis
731 1029 790 1068 ihs
809 1030 949 1080 loquor

499 1083 614 1121 uobis
634 1090 672 1122 et
691 1095 772 1122 non
792 1085 944 1122 creditis

501 1149 619 1187 opera
639 1149 739 1188 quae
758 1150 834 1187 ego
857 1138 957 1178 facio

500 1192 541 1229 in
561 1192 721 1230 nomine
740 1192 859 1242 patris
877 1193 955 1230 mei

500 1245 597 1284 haec
617 1246 718 1284 facio
755 1247 910 1286 testimo

500 1299 609 1337 nium
629 1299 832 1351 perhibent
851 1301 902 1339 de

500 1365 565 1392 me
584 1354 686 1392 ²⁶sed
704 1366 776 1393 uos
796 1367 877 1393 non
897 1367 959 1394 cre

501 1407 590 1446 ditis
608 1409 698 1458 quia
717 1421 798 1447 non
818 1409 908 1448 estis

501 1474 551 1500 ex
571 1463 711 1501 ouibus
730 1463 825 1501 meis
844 1464 940 1502 sicut

501 1516 580 1554 dixi
602 1517 714 1555 uobis
732 1517 833 1567 ²⁷qui
852 1518 900 1556 de
920 1518 985 1557 oui

501 1572 575 1608 bus
594 1571 691 1609 meis
711 1578 799 1609 sunt
819 1584 960 1612 uocem

501 1711 637 1750 Meam
656 1712 815 1752 audiunt

501 1773 539 1804 et
558 1779 632 1818 ego
652 1780 851 1817 cognosco
871 1768 896 1806 il

501 1820 557 1859 las
579 1828 616 1859 et
635 1829 847 1872 sequuntur

499 1887 562 1914 me
582 1875 653 1914 ²⁸et
673 1888 748 1926 ego
769 1877 888 1915 uitam
909 1889 954 1916 ae

500 1936 649 1968 ternam
669 1930 721 1969 do
741 1931 795 1970 eis
813 1939 851 1969 et

500 1996 581 2022 non
601 1985 778 2034 peribunt
797 1986 836 2023 in
856 1993 936 2025 eter

500 2049 595 2075 num
615 2047 652 2076 et
672 2051 754 2077 non
774 2041 967 2091 quisqua*

500 2092 600 2141 rapit
620 2105 684 2131 eas
704 2093 751 2131 de
771 2106 890 2132 manu
913 2106 1002 2133 mea

498 2146 649 2184 ²“Pater
668 2147 774 2198 quod
794 2148 896 2186 dedit
915 2149 969 2186 mi

499 2200 539 2239 hi
559 2201 683 2239 maius
703 2203 885 2240 omnibus

500 2261 559 2293 est
599 2262 637 2293 et
657 2268 773 2294 nemo
793 2263 920 2306 potest

498 2321 634 2359 rapere
654 2310 702 2348 de
722 2322 839 2348 manu
860 2322 911 2360 pa

498 2364 566 2401 tris
587 2364 664 2402 mei
684 2364 794 2414 ⁸⁰ego
812 2372 850 2403 et
869 2373 977 2415 pater

497 2429 620 2456 unum
641 2430 775 2456 sumus

499 2471 777 2511 ”Sustulerunt
797 2472 943 2523 lapides

499 2526 624 2564 iudaei
645 2534 686 2564 ut
706 2527 919 2577 lapidarent

497 2592 589 2617 eum

498 2633 527 2655 ⁸²
541 2634 757 2684 Respondit
776 2636 831 2674 eis
846 2636 904 2674 ihs
919 2635 1000 2674 mul

499 2694 539 2725 ta
558 2699 676 2738 opera
695 2690 798 2728 bona
819 2698 932 2728 oste·

499 2741 537 2779 di
557 2743 670 2780 uobis
690 2756 737 2780 ex
758 2752 865 2793 patre
885 2756 974 2782 meo

498 2804 657 2845 propter
675 2798 781 2845 quod
800 2810 935 2836 eorum

499 2861 600 2898 opus
619 2861 681 2888 me
702 2851 876 2900 lapidatis

497 2902 527 2924 ³³
536 2904 835 2954 Responderunt
848 2906 883 2943 ei
899 2905 1000 2945 iudei

496 2956 546 2997 de
564 2958 671 2997 bono
690 2970 808 3008 opere
829 2971 909 2998 non

738 192 856 232 EUA
863 192 914 233 N
912 192 1063 234 GELI
1062 193 1156 233 UM
1185 193 1297 234 SEC

1037 325 1100 364 Te
1119 325 1335 375 lapidamus
1355 324 1423 365 sed

1037 379 1086 418 de
1106 379 1343 430 blasphemia
1362 387 1400 419 et

1036 434 1128 483 quia
1146 442 1187 471 tu
1207 434 1327 473 horno
1346 446 1437 473 curn

1037 489 1088 526 sis
1109 488 1202 526 facis
1221 495 1258 526 te
1278 489 1404 538 ipsum
1423 487 1491 527 dm

1037 542 1065 564 ⁸⁴
1074 541 1292 592 Respondit
1311 543 1363 581 illi
1381 543 1440 581 ihs
1456 555 1536 581 non

1038 609 1086 634 ne
1106 597 1291 647 scriptum
1311 603 1367 636 est
1387 597 1427 634 in

1035 650 1120 701 lege
1141 652 1232 702 quia
1251 663 1326 700 ego
1346 651 1424 689 dixi

1037 705 1090 744 dii
1109 706 1199 744 estis
1220 725 1229 735 ·
1249 706 1317 743 ³⁵si
1337 705 1422 744 illos
1443 704 1537 743 dixit

1037 760 1134 798 deos
1153 759 1204 797 ad
1224 772 1322 811 quos
1342 771 1470 797 sermo

1037 814 1153 852 fiebat
1171 813 1212 852 di
1268 821 1306 852 et
1325 825 1405 852 non
1425 825 1478 864 po

1036 875 1110 906 test
1129 867 1228 906 solui
1249 868 1435 918 scriptura

1036 920 1190 973 8“quem
1209 929 1318 972 pater
1337 921 1460 960 sancti

1035 976 1165 1014 ficauit
1184 983 1222 1014 et
1241 975 1343 1013 misit
1361 975 1401 1013 in
1421 975 1525 1013 hunc

1035 1029 1225 1068 mundum
1244 1041 1316 1069 uos
1335 1029 1410 1068 dici

1035 1085 1084 1122 tis
1104 1084 1194 1135 quia
1213 1083 1455 1134 blasphemat

1036 1138 1126 1188 quia
1146 1138 1223 1176 dixi
1242 1138 1341 1176 filius
1361 1137 1401 1176 di
1421 1150 1508 1175 sum

1036 1193 1101 1231 ³⁷si
1121 1205 1202 1231 non
1223 1192 1325 1231 facio
1344 1204 1463 1241 opera

1036 1247 1155 1297 patris
1175 1246 1294 1285 nolite
1314 1246 1408 1283 mihi

1037 1301 1192 1340 credere
1210 1300 1351 1351 ³⁸quod
1371 1301 1403 1338 si
1421 1299 1460 1339 fa

1036 1355 1099 1394 cio
1117 1361 1154 1394 et
1174 1366 1255 1392 non
1274 1354 1390 1393 uultis
1409 1354 1464 1392 mi

1036 1409 1075 1447 hi
1094 1409 1250 1448 credere
1307 1421 1382 1458 ope

1036 1464 1142 1502 ribus
1162 1463 1305 1502 credite
1323 1468 1361 1501 et
1381 1474 1457 1512 cog

1037 1518 1203 1556 noscetis
1222 1517 1313 1568 quia
1332 1518 1372 1554 in
1391 1529 1456 1555 me

1036 1579 1094 1611 est
1113 1578 1223 1623 pater
1241 1578 1279 1610 et
1298 1583 1373 1621 ego
1393 1572 1434 1609 in
1453 1582 1502 1609 eo

1036 1713 1297 1762 ³⁹Querebant
1316 1725 1411 1763 ergo
1429 1724 1520 1751 eum

1036 1768 1298 1818 adpreendere
1317 1774 1354 1806 et
1373 1767 1435 1805 exi

1036 1823 1064 1861 it
1083 1822 1132 1861 de
1150 1823 1331 1860 manibus
1350 1833 1487 1860 eorum

1036 1877 1122 1915 ⁴0Et
1141 1877 1233 1915 abiit
1257 1877 1393 1915 iterum
1413 1883 1519 1914 trans

1036 1931 1236 1970 iordanem
1255 1931 1296 1968 in
1314 1943 1404 1969 eum

1036 1986 1165 2025 locum
1185 1986 1251 2024 ubi
1271 1992 1352 2024 erat
1372 1985 1410 2023 io

1035 2040 1185 2078 hannes
1205 2040 1310 2090 prius
1329 2038 1438 2088 bapti

1036 2106 1130 2132 zans
1150 2101 1187 2132 et
1206 2095 1388 2132 manebat
1407 2093 1483 2131 illic

1036 2149 1120 2186 “Et
1139 2148 1249 2186 multi
1267 2148 1475 2186 ueniebant

1036 2203 1086 2241 ad
1105 2203 1212 2240 illum
1231 2208 1268 2240 et
1288 2202 1466 2240 dicebant

1036 2257 1126 2307 quia
1145 2256 1333 2294 iohannes
1353 2256 1419 2306 qui

1036 2311 1125 2349 dem
1145 2310 1297 2360 signum
1319 2310 1406 2347 fecit

1036 2364 1186 2402 nullum
1206 2364 1338 2402 omnia

1036 2427 1165 2456 autem
1185 2429 1260 2467 que
1280 2417 1376 2455 dixit
1394 2417 1434 2455 io

1035 2472 1174 2511 hannis
1194 2472 1241 2510 de
1261 2471 1337 2510 hoc
1355 2483 1448 2510 uera

1035 2535 1143 2565 erant
1162 2526 1233 2564 ⁴²et
1253 2526 1362 2563 multi
1381 2537 1445 2563 cre

1036 2581 1215 2619 diderunt
1233 2580 1273 2617 in
1292 2591 1382 2618 eum
1431 2576 1536 2632 [dam

1037 2644 1112 2672 XXI
1126 2633 1186 2670 111
1205 2633 1313 2673 Erat
1324 2637 1442 2671 aulem
1456 2635 1537 2683 qui-

1034 2688 1208 2727 infirmus
1228 2688 1385 2726 nomine

1035 2743 1183 2781 lazams
1203 2754 1226 2780 a
1245 2741 1427 2781 bhetania

1035 2797 1083 2835 de
1104 2797 1260 2835 castello
1280 2797 1423 2834 mariae

1035 2858 1072 2889 et
1092 2851 1265 2889 marthae
1286 2850 1428 2889 sororis

1034 2905 1118 2943 eius
1174 2901 1314 2943 ²maria
1332 2911 1447 2942 aute·

1034 2966 1115 2997 erat
1134 2970 1210 3008 que
1229 2959 1340 2996 unxit
1359 2958 1452 2996 dom

1970 196 2313 239 IOHANNEM
2360 197 2416 254 [x.
2440 213 2561 240 2r-x1.
2583 206 2638 241 26.

1607 284 1691 315 1¹01.
1707 285 1767 318 6¹7.

1606 326 1819 378 Unguento
1837 332 1874 366 et
1893 335 2000 366 exter

1606 381 1653 419 sit
1672 381 1792 431 pedes
1812 382 1894 420 eius
1908 382 2053 432 capillis

1606 436 1683 473 suis
1703 436 1811 473 cuius
1830 435 1945 474 frater
1963 436 2000 474 la

1606 502 1716 528 zarus
1735 489 1999 528 infirmabatur

1606 543 1786 582 ‘Audiuit
1815 543 1874 595 ihs
1903 550 1941 582 et
1972 544 2023 582 ait
2053 543 2106 583 illi

1993 595 2107 651 [haee

1606 651 1807 690 infirmitas
1826 664 1907 691 non
1926 658 1984 690 est

1607 706 1656 744 ad
1675 715 1839 744 mortem
1859 706 1928 744 sed
1948 718 2020 756 pro

1606 760 1771 810 gloriam
1790 760 1829 798 di
1851 767 1892 798 ut
1913 761 2003 799 clari

1606 814 1739 852 ficetur
1757 814 1855 853 filius
1874 814 1956 854 eius
1976 815 2016 853 in

1606 881 1618 905 1
1648 880 1692 906 so

1607 880 1822 972 &ingebat
1840 922 1900 961 ihs
1919 922 2089 961 lazarum

1606 983 1643 1014 et
1662 977 1824 1014 mariam
1845 984 1882 1015 et
1902 988 1993 1015 soro

1606 1042 1688 1068 rem
1708 1030 1789 1069 eius
1843 1029 1904 1069 ⁶ut
1924 1043 2016 1080 ergo

1606 1085 1751 1123 audiuit
1771 1085 1861 1135 quia
1879 1085 2032 1124 infirma

1606 1146 1667 1177 tur
1685 1148 1778 1178 tunc
1797 1139 1954 1190 quidem
1975 1146 2067 1177 ma*

1606 1194 1654 1231 sit
1673 1193 1733 1232 ihs
1753 1194 1793 1231 in
1813 1194 1951 1232 eodem
1970 1193 2059 1232 loco

1605 1247 1725 1286 biduo

1604 1300 1779 1340 'Deinde
1799 1313 1872 1351 pos
1895 1301 1991 1341 haec
2015 1302 2106 1340 dicit

1606 1355 1803 1406 discipulis
1822 1356 1900 1394 suis
1918 1367 2052 1395 eamus

1606 1410 1742 1447 iterum
1762 1410 1802 1448 in
1821 1409 1975 1448 iudeam

1606 1462 1770 1502 ⁸Dicunt
1789 1464 1824 1502 ei
1844 1464 2022 1514 discipuli
2037 1464 2107 1502 rab

1605 1517 1644 1555 bi
1663 1529 1767 1556 nunc
1787 1519 1999 1567 querebant

1606 1578 1644 1609 te
1663 1571 1833 1622 lapidare
1852 1572 1953 1610 iudei
1974 1578 2011 1610 et

1606 1626 1743 1665 iterum
1763 1626 1873 1665 uadis
1893 1626 1982 1665 illuc

1607 1714 1620 1734 ⁹
1632 1713 1851 1763 Respondit
1871 1713 1930 1751 ihs
1949 1725 2030 1752 non

1605 1780 1655 1805 ne
1678 1767 1885 1806 duodecim
1903 1767 1956 1806 ho

1604 1834 1669 1860 rae
1689 1827 1778 1859 sunt
1798 1821 1873 1860 diei
1917 1822 1947 1860 si
1967 1821 2054 1872 quis

1605 1875 1860 1914 ambulauerit
1879 1876 1976 1914 inter

1605 1929 1667 1969 die
1686 1942 1768 1968 non
1789 1929 1950 1968 offendit
1970 1930 2060 1981 quia

1605 1985 1732 2023 lucem
1750 1983 1862 2021 huius
1881 1996 1977 2022 mun

1606 2038 1644 2076 di
1663 2037 1766 2076 uidet
1804 2037 1871 2076 ²⁰si
1891 2039 1978 2088 quis
1997 2050 2061 2076 am

1606 2092 1795 2130 bulauerit
1813 2092 1854 2129 in
1874 2100 2020 2131 nocte-

1605 2146 1766 2185 offendit
1804 2146 1894 2196 quia
1912 2146 1978 2184 lux

1605 2213 1686 2239 non
1706 2206 1763 2239 est
1782 2200 1822 2238 in
1841 2212 1889 2239 eo
1909 2200 2037 2239 ¹¹haec

1606 2255 1700 2293 dixit
1718 2275 1726 2284 ·

1605 2309 1656 2347 Et
1674 2314 1763 2358 post
1782 2307 1877 2346 haec
1896 2308 1987 2347 dicit
2006 2308 2062 2347 eis

1604 2362 1752 2400 lazarus
1772 2362 1919 2401 amicus
1939 2374 2011 2401 nos

1605 2423 1662 2455 ter
1681 2416 1861 2454 dormiuit
1881 2416 1950 2455 sed

1604 2470 1707 2509 uado
1726 2477 1768 2508 ut
1786 2482 1810 2508 a
1829 2482 1969 2509 somno
1989 2481 2053 2509 sus

1604 2525 1677 2563 cite
1697 2536 1787 2563 eum

1604 2578 1630 2599 ¹²
1641 2578 1833 2616 Dixerunt
1852 2589 1945 2628 ergo
1964 2578 1998 2616 ei
2018 2577 2076 2616 dis

1604 2632 1720 2682 cipuli
1741 2633 1817 2671 dfie
1837 2632 1868 2670 si
1888 2632 2031 2670 dormit

1605 2687 1732 2725 saluus
1751 2687 1820 2725 erit
1875 2686 1903 2707 ¹⁸
1912 2686 2001 2725 dixe

1604 2748 1661 2778 rat
1681 2747 1810 2779 autem
1831 2740 1889 2778 ihs
1909 2741 1957 2779 de
1976 2752 2063 2779 mor

1605 2802 1642 2833 te
1661 2795 1744 2833 eius
1818 2794 1869 2832 illi
1889 2801 2007 2834 aute-

1604 2856 1835 2899 putauerunt
1877 2849 1969 2899 quia

1604 2903 1652 2941 de
1671 2903 1901 2942 dormitione
1921 2914 2007 2941 som

1605 2957 1644 2994 ni
1664 2957 1807 2996 diceret

2138 329 2288 369 1⁴Tunc
2306 343 2402 381 ergo
2422 331 2512 370 dicit
2531 331 2587 370 eis

2138 384 2197 422 ihs
2217 385 2419 424 manifeste
2437 386 2520 425 laza

2138 449 2203 476 rus
2221 446 2396 478 mortuus
2418 445 2477 478 est

2139 491 2211 530 ¹⁶et
2230 493 2383 542 gaudeo
2402 500 2561 544 propter

2141 557 2212 584 uos
2231 553 2274 584 ut
2292 547 2454 586 credatis
2473 549 2565 598 quia

2140 611 2221 638 non
2240 612 2345 638 eram
2365 601 2416 639 ibi
2437 602 2505 640 sed
2523 614 2571 640 ea

2141 665 2228 691 mus
2248 654 2297 692 ad
2316 654 2423 692 illum

2140 706 2168 728 ¹⁰
2177 706 2242 745 Ait
2261 720 2356 758 ergo
2374 708 2527 748 thomas
2546 712 2614 761 qui

2141 760 2277 800 dicitur
2296 762 2487 812 dydymus

2142 815 2192 853 ad
2210 815 2498 872 condiscipulus

2141 881 2275 907 eamus
2293 877 2332 908 et
2351 882 2423 908 nos
2441 882 2509 909 mo

2140 924 2285 961 riamur
2304 936 2394 962 cum
2413 924 2479 962 illo

2140 977 2292 1016 1⁷Uenit
2310 990 2404 1028 ergo
2424 978 2483 1016 ihs
2502 984 2539 1016 et
2558 978 2597 1016 in

2141 1032 2248 1070 uenit
2266 1044 2355 1070 eum
2376 1033 2452 1070 iam
2472 1044 2550 1083 qua

2141 1086 2280 1124 driduo
2299 1085 2507 1125 habentem

2140 1140 2181 1177 in
2201 1147 2455 1179 monumento

2141 1193 2255 1232 ¹⁸erat
2274 1200 2402 1232 autem
2424 1193 2538 1233 betha

2141 1249 2204 1286 nia
2243 1248 2348 1286 iuxta
2366 1248 2522 1286 iheroso

2140 1301 2231 1339 lima
2249 1302 2328 1340 fere
2347 1314 2370 1340 a
2390 1302 2522 1340 stadiis

2140 1356 2363 1406 quindecim
2401 1356 2428 1377 ¹⁹
2437 1356 2517 1394 mul

2140 1411 2167 1447 ti
2187 1417 2317 1448 autem
2337 1423 2385 1448 ex
2405 1410 2529 1449 iudeis

2141 1471 2325 1502 uenerant
2345 1463 2394 1502 ad
2414 1476 2498 1502 mar

2140 1517 2246 1555 tham
2266 1524 2303 1555 et
2322 1518 2373 1556 ad
2392 1518 2540 1556 maria-

2141 1578 2181 1610 ut
2201 1583 2266 1610 eas
2285 1572 2516 1611 consularen

2142 1712 2228 1750 Tur
2247 1711 2294 1751 de
2315 1711 2429 1751 fratre

2140 1766 2336 1805 ²⁰Martha
2349 1773 2478 1805 autem
2497 1774 2539 1806 ut
2557 1779 2606 1806 au

2142 1821 2237 1860 diuit
2256 1821 2346 1871 quia
2364 1821 2423 1860 ihs
2440 1822 2546 1860 uenit
2563 1833 2612 1861 oe

2142 1875 2258 1914 currit
2277 1875 2328 1912 illi
2365 1876 2484 1914 maria
2503 1887 2553 1914 au

2141 1936 2219 1967 tem
2240 1928 2345 1967 domi
2365 1929 2523 1968 sedebat

2141 1983 2169 2005 ²¹
2177 1983 2285 2022 Dixit
2304 1995 2397 2032 ergo
2417 1982 2570 2022 martha

2141 2038 2191 2076 ad
2211 2037 2291 2075 ihm
2329 2037 2419 2076 dfiie
2439 2038 2471 2075 si
2490 2037 2551 2076 hic

2143 2091 2276 2130 fuisset
2294 2090 2409 2129 frater
2428 2103 2540 2130 meus

2142 2158 2222 2184 non
2242 2152 2341 2183 esset
2359 2151 2534 2184 mortuus

2141 2202 2169 2223 ²²
2179 2199 2246 2238 sed
2266 2211 2370 2237 nunc
2391 2199 2471 2238 scio
2485 2206 2645 2250 quecu-

2141 2266 2216 2304 que
2236 2254 2390 2304 petieris
2409 2265 2432 2291 a
2451 2252 2504 2292 do
2523 2253 2629 2291 dabit

2140 2307 2208 2345 tibi
2227 2307 2274 2345 ds

2140 2361 2277 2399 ²³Dicit
2296 2361 2331 2399 ei
2350 2360 2410 2399 ihs
2429 2366 2600 2411 resurget

2139 2414 2254 2453 frater
2273 2421 2360 2453 tuus

2138 2468 2279 2507 2⁴Dicit
2298 2469 2333 2507 ei
2353 2467 2504 2506 martha
2523 2468 2606 2507 scio

2139 2523 2229 2574 quia
2248 2529 2419 2572 resurget
2438 2523 2478 2560 in
2498 2534 2537 2560 re

2139 2577 2355 2615 surectione
2376 2578 2415 2615 in
2433 2576 2548 2616 nouis

2139 2632 2237 2669 sima
2256 2631 2319 2669 die

2138 2684 2167 2706 ²⁵
2175 2685 2284 2723 Dixit
2296 2685 2330 2723 ei
2343 2684 2402 2722 ihs
2413 2696 2489 2734 ego
2500 2695 2589 2723 sum
2600 2695 2642 2722 re

2140 2739 2325 2778 surrectio
2344 2745 2382 2776 et
2403 2739 2482 2776 uita

2140 2793 2205 2843 qui
2225 2792 2344 2831 credit
2363 2792 2403 2829 in
2422 2803 2485 2829 me
2505 2791 2591 2830 licet

2139 2847 2322 2885 moriatur
2341 2845 2434 2882 uiuit
2470 2844 2544 2883 ”et

2139 2900 2268 2938 omnis
2287 2900 2352 2949 qui
2371 2898 2464 2936 uiuit
2483 2905 2521 2937 et
2540 2911 2603 2938 cre

2140 2954 2194 2992 dit
2213 2954 2252 2991 in
2272 2965 2335 2991 me
2354 2964 2435 2991 non
2455 2953 2577 2991 morie
