2820 3334
442 213 493 249 40

441 287 524 317 1⁸01.
540 287 599 319 78.

440 329 617 379 Accipiet
637 328 749 367 uobis
768 334 806 366 et
826 327 875 366 ad

441 383 632 421 nuntiauit
650 383 762 421 uobis
800 382 900 420 1‘om

441 437 506 475 nia
526 448 770 488 quecumque
791 435 840 474 ha

441 491 506 529 bet
526 497 633 541 pater
652 503 740 528 mea
759 497 848 528 sunt

442 551 647 594 propterea
667 544 744 582 dixi
763 543 876 582 uobis

441 598 531 649 quia
552 598 599 636 de
619 610 709 636 meo
730 597 897 648 adcipiet

441 660 478 690 et
498 651 738 690 adnuntiauit
757 652 872 690 uobis

441 705 671 744 ¹⁶modicum
691 707 807 745 etiam
827 712 864 744 et

441 772 522 799 non
542 760 719 798 uidebitis
738 773 801 798 me
821 766 858 798 et

441 816 578 853 iterum
598 815 795 853 modicum
814 821 852 852 et

441 868 620 907 uidebitis
640 881 702 906 me
758 868 881 907 1⁷dixe

441 929 530 960 runt
550 934 643 973 ergo
664 922 840 972 discipuli

439 977 521 1015 eius
541 977 590 1015 ad
610 977 777 1015 inuicem

440 1030 546 1078 Quid
565 1037 622 1069 est
642 1030 748 1080 quod
772 1030 863 1068 dicit
886 1040 939 1067 no

439 1085 498 1122 bis
518 1085 717 1123 modicum
737 1090 775 1122 et
794 1096 876 1121 non

440 1139 616 1177 uidebitis
636 1150 699 1176 me
737 1144 774 1176 et
793 1138 919 1176 iteru-

439 1192 639 1232 modicum
658 1199 696 1231 et
716 1192 844 1231 uidebi

440 1247 487 1285 tis
502 1259 565 1285 me
603 1254 641 1285 et
654 1247 742 1297 quia
758 1258 806 1284 eo
821 1246 871 1284 ad
891 1257 941 1296 pa

439 1307 539 1340 trem
581 1300 796 1340 ¹⁸dicebant
816 1300 867 1350 igi

440 1362 500 1394 tur
518 1355 611 1406 quid
631 1362 688 1393 est
707 1354 782 1393 hoc
802 1354 909 1392 modi

440 1421 530 1448 cum
551 1409 747 1448 nescimus
766 1409 859 1460 quid

440 1463 611 1514 loquitur

440 1517 525 1555 19Εῐ
545 1517 730 1568 cognouit
750 1516 808 1555 ihs
827 1516 918 1567 quia

440 1572 649 1623 incipiebat
669 1583 759 1609 eum
778 1572 877 1609 inter

443 1659 600 1709 Rogare
638 1665 677 1697 et
696 1659 789 1697 dixit
809 1659 860 1697 ad

441 1714 526 1752 illos
546 1714 593 1752 de
613 1713 689 1752 hoc
709 1713 866 1764 queritis

442 1768 491 1806 ad
510 1768 679 1806 inuicem
699 1768 788 1818 quia
807 1767 845 1805 di

442 1823 481 1860 xi
501 1822 700 1860 modicum
720 1828 757 1859 et
777 1833 858 1859 non

442 1876 620 1915 uidebitis
639 1888 702 1914 me
723 1882 760 1913 et
780 1876 831 1913 ite

443 1942 529 1969 rum
548 1930 745 1968 modicum
765 1936 803 1967 et

443 1985 620 2023 uidebitis
639 1996 702 2022 me

445 2038 607 2076 ²⁰Amen
628 2050 744 2076 amen
765 2037 853 2076 dico
873 2050 926 2076 uo

444 2093 505 2130 bis
543 2093 729 2142 quoniam
749 2104 821 2130 uos
840 2092 890 2130 fle

443 2146 532 2184 bitis
551 2153 589 2183 et
608 2146 786 2195 lugebitis
806 2152 901 2184 mu*

445 2201 519 2239 dus
539 2207 669 2238 autem
688 2199 815 2249 gaude

445 2255 501 2292 bit
538 2266 610 2292 uos
629 2254 868 2292 contristami

446 2309 487 2346 ni
507 2308 575 2346 sed
594 2308 712 2345 tristia
731 2314 860 2346 uestra

447 2363 485 2400 in
506 2362 690 2412 gaudium
710 2362 840 2399 ueniet

446 2416 624 2455 ²¹Mulier
643 2428 733 2454 cum
753 2416 850 2466 parit

447 2471 596 2509 tristitia
616 2470 731 2508 habet
752 2477 789 2508 et
809 2470 901 2520 quia.

448 2525 554 2562 uenit
574 2525 655 2563 dies
675 2524 757 2562 eius
794 2536 884 2563 cum

448 2586 576 2616 autem
597 2579 786 2628 pepererit
806 2590 882 2628 pue

448 2644 532 2670 rum
553 2633 629 2670 iam
650 2644 731 2670 non
751 2644 814 2670 me

449 2687 560 2723 minit
583 2698 785 2735 pressurae

451 2747 609 2790 propter
628 2740 813 2788 gaudium

451 2794 541 2843 quia
560 2800 673 2831 natus
692 2801 749 2831 est
769 2794 891 2832 homo

450 2848 491 2885 in
510 2847 613 2885 hunc
633 2847 823 2885 mundum

452 2901 535 2939 2²Et
555 2912 628 2939 uos
647 2912 751 2939 nunc
772 2900 929 2951 quidem

675 196 1087 238 EUANGE'LIUM
1111 196 1225 236 SEC

976 326 1191 365 Tristitiam
1211 326 1359 365 habetis

975 381 1113 418 iterum
1134 387 1263 419 autem
1282 381 1372 419 uide

975 436 1027 473 bo
1047 446 1119 473 uos
1138 441 1176 472 et
1195 435 1378 484 gaudebit

974 501 1041 527 cor
1059 496 1230 528 uestrum
1267 495 1305 527 et
1324 501 1402 539 gau

975 543 1081 581 dium
1101 550 1274 581 uestrum
1294 555 1343 581 ne

974 609 1042 635 mo
1061 597 1208 635 auferet
1227 609 1250 635 a
1268 597 1382 635 uobis

973 651 1048 689 ²³et
1068 652 1107 689 in
1126 651 1188 689 illa
1208 651 1269 689 die
1289 662 1406 689 nemo

974 705 1258 756 interrogabitis
1278 705 1365 756 quic

974 771 1093 810 quam

974 814 1103 852 Amen
1124 825 1239 851 amen
1259 813 1347 851 dico
1367 824 1420 851 uo

975 868 1033 906 bis
1053 868 1084 906 si
1104 867 1196 919 quid
1216 867 1398 917 petieritis

974 934 997 960 a
1017 929 1124 971 patre
1145 922 1183 958 in
1204 921 1363 959 nomine

974 987 1064 1013 meo
1085 975 1189 1013 dabit
1208 975 1321 1013 uobis
1340 976 1369 997 ²⁴
1378 987 1421 1014 us

974 1030 1172 1080 quemodo
1193 1041 1274 1067 non
1293 1041 1342 1080 pe

973 1083 1070 1122 tistis
1090 1084 1298 1134 quicquam
1318 1084 1358 1121 in

974 1138 1133 1176 nomine
1154 1150 1244 1176 meo
1264 1137 1343 1188 peti

974 1198 1011 1229 te
1032 1198 1069 1229 et
1089 1192 1288 1242 adcipietis
1308 1198 1350 1230 ut

976 1246 1161 1295 gaudium
1180 1253 1352 1285 uestrum

975 1301 1023 1338 sit
1043 1300 1231 1350 inpletum

976 1354 1004 1375 ²⁶
1012 1352 1124 1392 Haec
1143 1354 1294 1393 locutus
1313 1366 1399 1393 sum

976 1409 1188 1459 prouerbiis
1208 1409 1320 1447 uobis
1340 1420 1388 1446 ue

975 1463 1054 1500 niet
1073 1462 1169 1500 hora
1189 1475 1280 1501 cum
1299 1463 1378 1501 iam

976 1529 1057 1554 non
1077 1517 1117 1555 in
1137 1517 1350 1567 prouerbiis

976 1570 1113 1622 loquar
1131 1572 1244 1610 uobis
1264 1571 1333 1610 sed

977 1658 1111 1696 Palam
1131 1658 1179 1697 de
1199 1665 1306 1709 patre
1327 1658 1463 1697 adnu-

975 1713 1082 1751 tiauo
1102 1713 1214 1751 uobis
1234 1713 1306 1750 ²⁶in
1329 1712 1393 1751 illa
1416 1713 1477 1751 die

976 1767 1016 1804 in
1036 1768 1194 1805 nomine
1213 1779 1304 1805 meo
1324 1779 1373 1817 pe

977 1821 1054 1859 titis
1073 1828 1111 1859 et
1130 1833 1211 1859 non
1231 1822 1319 1860 dico
1339 1833 1391 1859 uo

978 1875 1037 1913 bis
1057 1875 1146 1926 quia
1165 1887 1240 1925 ego
1260 1876 1408 1925 rogabo

977 1936 1126 1979 patrem
1146 1936 1303 1980 propter
1323 1942 1393 1968 uos

977 1983 1095 2034 ²⁷ipse
1115 1984 1219 2022 enirn
1245 1990 1353 2034 pater
1375 1989 1479 2022 amat

978 2050 1052 2076 uos
1071 2039 1161 2088 quia
1180 2050 1252 2076 uos
1271 2051 1334 2076 me
1355 2050 1445 2076 ama

979 2093 1027 2130 tis
1047 2099 1084 2130 et
1104 2092 1257 2131 creditis
1278 2093 1369 2143 quia

980 2158 1054 2196 ego
1075 2158 1098 2184 a
1117 2146 1170 2185 do
1191 2153 1300 2196 patre
1321 2146 1423 2184 exiui

978 2199 1052 2238 28et
1072 2201 1161 2239 ueni
1181 2201 1220 2238 in
1240 2200 1344 2238 hunc
1362 2207 1459 2238 mu*

980 2254 1073 2292 dum
1094 2255 1231 2292 iterum
1250 2254 1347 2293 relin

981 2319 1060 2358 quo
1080 2309 1271 2347 mundum
1290 2315 1328 2346 et
1347 2320 1398 2346 ua

982 2363 1033 2399 do
1054 2363 1103 2400 ad
1123 2369 1272 2412 patrem

980 2417 1009 2438 2⁹
1017 2416 1160 2454 Dicunt
1169 2416 1204 2454 ei
1212 2415 1385 2466 discipuli
1398 2415 1481 2454 eius

981 2482 1071 2508 ecce
1092 2482 1195 2508 nunc
1215 2470 1344 2521 palam

983 2524 1152 2574 loqueris
1172 2531 1209 2562 et
1229 2535 1369 2575 prouer

982 2578 1088 2616 bium
1109 2578 1255 2616 nullum
1276 2578 1369 2616 dicis

982 2632 1122 2670 ³⁰nunc
1143 2633 1285 2671 scimus
1304 2632 1395 2682 quia

983 2687 1115 2724 omnia
1134 2687 1236 2724 nosti
1255 2693 1293 2725 et
1312 2698 1393 2723 non

984 2752 1082 2789 opus
1102 2747 1159 2779 est
1179 2741 1247 2779 tibi
1267 2747 1308 2779 ut
1328 2739 1465 2791 aliquis

984 2802 1021 2833 te
1041 2795 1249 2845 interroget
1269 2795 1308 2832 in
1329 2794 1405 2833 hoe

985 2849 1064 2887 dixi
1084 2850 1198 2888 uobis
1217 2850 1307 2900 quia
1326 2861 1349 2887 a
1368 2848 1422 2887 do

984 2915 1086 2940 ex1u1

1835 194 2175 236 IOHANNEM
2226 194 2319 250 [xvr.
2342 210 2500 246 14-xv11.
2525 213 2576 246 15.

1543 284 1627 314 1⁸01.
1642 284 1702 316 79.

1543 326 1570 347 ³¹
1578 325 1796 376 Respondit
1815 325 1874 365 ihs
1892 325 2013 365 modo

1543 380 1694 419 creditis
1713 379 1855 417 ”uenit
1874 379 1970 417 hora

1543 441 1581 472 et
1600 435 1676 472 iam
1696 434 1801 471 uenit
1821 440 1862 471 ut
1882 434 2010 484 dispar

1542 488 1690 538 gamini
1706 487 1971 539 unusquisque

1542 543 1582 580 in
1602 554 1671 580 sua
1690 548 1727 581 et
1746 554 1810 580 me
1830 541 1958 580 solum

1543 596 1765 646 relinquatis
1785 602 1823 633 et
1842 608 1923 634 non

1543 662 1628 688 sum
1649 650 1754 688 solus
1773 650 1863 701 quia
1881 655 1989 700 pater

1543 716 1697 742 mecum
1717 710 1775 742 est

1543 757 1691 796 ³⁸Haec
1709 758 1860 796 locutus
1885 770 1970 796 sum
1990 769 2042 796 uo

1546 813 1602 850 bis
1622 819 1663 850 ut
1683 812 1723 849 in
1744 824 1807 849 me
1826 824 1964 862 pacem

1544 866 1715 904 habeatis
1735 867 1774 903 in
1793 866 1868 904 hoc
1888 877 1938 903 au

1544 927 1621 959 tem
1642 920 1790 958 mundo
1811 931 1946 970 pressu

1544 986 1626 1012 ram
1645 974 1836 1012 habebitis
1855 973 1924 1012 sed

1543 1028 1708 1078 gaudete
1728 1029 1916 1079 quoniam

1544 1094 1620 1132 ego
1640 1083 1716 1121 uici
1734 1083 1926 1121 mundum

1548 1147 1659 1175 xxxt·
1674 1136 1836 1176 17¹Haec
1842 1137 1982 1175 locutus
1994 1139 2048 1173 est

1545 1198 1583 1229 et
1602 1191 1744 1230 leuauit
1764 1191 1898 1230 oculus
1965 1187 2044 1243 [ihs

1545 1257 1637 1284 suos
1656 1247 1696 1283 in
1715 1246 1864 1283 caelum
1885 1250 1922 1282 et

1545 1300 1638 1337 dixit
1657 1306 1765 1350 pater
1783 1300 1889 1336 uenit
1909 1298 1961 1336 ho

1545 1366 1586 1392 ra
1606 1353 1770 1392 clarifica
1789 1353 1911 1391 filium

1545 1415 1654 1446 tuum
1672 1414 1714 1445 ut
1734 1407 1833 1445 filius
1852 1407 1912 1446 cla

1545 1462 1664 1500 rificet
1683 1469 1720 1499 te
1739 1460 1856 1500 ²sicut
1876 1461 1924 1499 de

1546 1516 1631 1554 disti
1651 1516 1687 1553 ei
1705 1521 1936 1566 potestatem

1546 1570 1746 1608 uniuersae
1767 1570 1893 1608 carnis

1547 1657 1600 1696 Ut
1620 1669 1737 1695 omne
1757 1656 1863 1706 quod
1884 1655 1931 1694 de

1547 1711 1633 1749 disti
1653 1711 1688 1749 ei
1708 1711 1772 1751 det
1792 1710 1843 1749 illi
1862 1711 1981 1749 uitam

1545 1773 1742 1804 aeternam

1547 1820 1680 1858 ³Haec
1700 1826 1758 1857 est
1777 1825 1906 1859 autem
1925 1819 2032 1857 uita‘·

1546 1881 1744 1912 aeternam
1764 1880 1806 1911 ut
1825 1885 1902 1923 cog

1548 1935 1711 1967 noscant
1730 1934 1767 1966 te
1788 1928 1913 1965 solum

1548 1982 1616 2020 dm
1636 1989 1673 2020 et
1693 1994 1809 2032 quem
1828 1981 1936 2020 misis

1547 2037 1575 2074 ti
1595 2037 1674 2075 ihm
1693 2039 1790 2085 xpm

1548 2091 1656 2140 *Ego
1677 2097 1713 2128 te
1733 2089 1939 2129 clarificabi

1549 2157 1663 2195 super
1682 2151 1822 2182 terram
1843 2156 1917 2194 ope

1549 2212 1588 2237 re
1609 2205 1882 2237 consummato

1549 2253 1654 2303 quod
1675 2253 1812 2291 dedisti
1831 2252 1926 2290 mihi

1548 2314 1589 2345 ut
1609 2307 1748 2345 faciam
1786 2307 1843 2344 “et
1863 2319 1966 2345 nunc

1549 2361 1714 2400 clarifica
1734 2373 1796 2398 me
1816 2367 1855 2398 tu
1876 2373 1926 2410 pa

1549 2422 1605 2453 ter
1625 2421 1716 2465 aput
1736 2415 1968 2464 temetipsu‘·

1550 2469 1720 2507 claritate
1741 2481 1859 2519 quam
1880 2468 1930 2506 ha

1549 2523 1615 2561 bui
1636 2523 1740 2573 prius
1760 2534 1878 2573 quam
1898 2530 1996 2561 mu*

1549 2577 1621 2615 dus
1639 2583 1739 2615 esset
1759 2584 1851 2627 aput
1871 2583 1908 2614 te

1550 2630 1820 2669 ⁶Manifestaui
1839 2637 1948 2669 tuum

1551 2697 1697 2723 nomen
1716 2685 1865 2723 homini

1552 2741 1624 2778 bus
1644 2751 1742 2790 quos
1762 2739 1899 2778 dedisti

1552 2794 1645 2831 mihi
1665 2794 1712 2831 de
1733 2794 1878 2831 mundo

1552 2849 1607 2886 tui
1626 2855 1735 2886 erant
1754 2854 1792 2886 et
1811 2847 1904 2885 mihi

1553 2902 1690 2941 dedisti
1710 2914 1778 2940 eos
1798 2908 1835 2939 et
1855 2914 1915 2940 ser

2075 326 2240 365 Monem
2259 334 2369 365 tuum
2389 339 2450 366 ser

2075 382 2165 419 uaui
2185 381 2242 419 ⁷et
2263 394 2366 420 nunc
2386 393 2515 432 cogno

2076 435 2113 472 ui
2134 436 2319 484 quoniam
2340 437 2473 474 omnia

2076 501 2320 539 quecumque
2341 490 2449 528 dedis

2076 543 2104 579 ti
2123 542 2216 580 mihi
2236 545 2304 582 abs
2324 550 2361 582 te
2382 550 2470 582 sunt

2077 597 2187 646 ⁸quia
2207 599 2324 635 uerba
2344 610 2419 648 que
2440 597 2549 635 dedis

2077 651 2104 688 ti
2124 650 2218 688 mihi
2237 651 2326 689 dedi
2345 653 2398 690 eis
2417 658 2454 689 et
2474 652 2513 702 ip

2077 704 2108 742 si
2129 705 2363 754 adceperunt
2400 712 2438 743 et

2078 766 2345 808 cognouerunt
2364 761 2454 809 quia

2078 825 2101 850 a
2121 819 2157 850 te
2177 825 2267 850 uere
2288 813 2463 850 exierunt

2078 874 2116 904 et
2136 867 2381 905 crediderunt
2400 867 2490 917 quia

2078 927 2119 958 tu
2139 933 2202 958 me
2222 920 2358 959 misisti

2078 975 2185 1024 ⁹Ego
2205 986 2303 1024 rogo
2324 987 2394 1025 pro
2418 975 2473 1014 eis
2495 986 2576 1013 non

2077 1041 2148 1079 pro
2167 1029 2316 1067 mundo
2335 1041 2432 1079 rogo

2080 1083 2148 1121 sed
2168 1095 2240 1133 pro
2260 1082 2320 1122 his
2340 1096 2439 1134 quos
2458 1084 2512 1122 mi

2079 1137 2118 1174 hi
2138 1137 2275 1176 dedisti
2294 1138 2383 1187 quia
2402 1138 2455 1175 tui
2475 1144 2563 1176 sunt

2079 1191 2152 1229 ¹⁰et
2164 1204 2252 1229 mea
2264 1192 2395 1230 omnia
2407 1198 2473 1229 tua
2489 1199 2577 1230 sunt

2079 1252 2117 1283 et
2136 1252 2200 1283 tua
2220 1258 2307 1284 mea
2345 1253 2382 1283 et
2402 1245 2491 1284 clari

2080 1299 2215 1338 ficatus
2235 1312 2320 1337 sum
2340 1300 2379 1337 in
2398 1301 2453 1338 eis
2473 1299 2544 1338 ¹¹et

2079 1354 2155 1391 iarn
2178 1365 2258 1391 non
2279 1366 2364 1392 sum
2384 1354 2422 1391 in
2443 1354 2517 1392 hoc

2079 1408 2228 1446 mundo
2247 1415 2284 1445 et
2304 1408 2355 1445 hii
2375 1408 2413 1445 in
2434 1408 2509 1446 hoc

2079 1462 2230 1500 mundo
2249 1469 2336 1500 sunt
2355 1469 2393 1500 et
2412 1474 2487 1512 ego

2080 1516 2130 1553 ad
2149 1522 2186 1553 te
2205 1516 2323 1553 uenio

2082 1579 2204 1606 XXXII
2220 1570 2340 1608 Pater
2358 1574 2481 1608 sancte
2499 1582 2565 1608 con

2082 1657 2202 1695 Serua
2221 1669 2289 1696 eos
2309 1657 2348 1694 in
2367 1657 2476 1696 nomi

2081 1724 2130 1749 ne
2149 1718 2217 1750 tuo
2291 1711 2416 1749 ¹²cum
2436 1719 2550 1750 esse·

2080 1778 2169 1805 cum
2190 1766 2245 1804 eis
2264 1777 2340 1816 ego
2360 1766 2554 1805 seruaba—

2080 1832 2149 1858 eos
2167 1820 2206 1857 in
2226 1821 2384 1858 nomine
2404 1827 2471 1858 tuo

2081 1886 2180 1924 quos
2200 1874 2337 1912 dedisti
2356 1873 2449 1912 mihi
2469 1885 2538 1911 cus

2081 1928 2203 1967 todiui
2222 1935 2259 1965 et
2279 1939 2397 1965 nemo
2417 1940 2465 1965 ex
2485 1929 2523 1978 ip

2084 1983 2135 2021 sis
2155 1982 2251 2032 perit
2272 1982 2344 2020 nisi
2365 1982 2463 2020 filius
2484 1994 2553 2032 per

2082 2036 2237 2075 ditionis
2257 2043 2298 2073 ut
2319 2037 2506 2086 scriptura

2081 2091 2272 2140 inpleatur

2081 2144 2233 2183 ¹⁸Nunc
2253 2150 2380 2182 autem
2405 2143 2456 2182 ad
2475 2150 2511 2181 te
2531 2156 2580 2182 ue

2082 2200 2148 2237 nio
2168 2205 2205 2236 et
2225 2198 2320 2236 haec
2340 2199 2479 2247 loquor

2082 2254 2122 2291 in
2141 2252 2216 2291 hoc
2235 2252 2383 2290 mundo
2402 2259 2443 2289 ut
2463 2252 2513 2290 ha

2083 2308 2196 2345 beam
2216 2306 2400 2356 gaudium
2420 2318 2482 2343 me

2083 2373 2150 2398 um
2170 2360 2371 2410 impletum
2392 2361 2430 2398 in
2450 2371 2491 2398 se

2083 2415 2256 2464 metipsis

2082 2469 2205 2518 ¹⁴Ego
2214 2468 2582 2507 dedieissermone-

2083 2530 2191 2561 tuum
2229 2530 2266 2560 et
2286 2523 2454 2561 mundus

2084 2578 2175 2616 odio
2195 2576 2328 2615 habuit
2347 2588 2415 2614 eos
2435 2576 2526 2627 quia

2084 2644 2166 2670 non
2187 2637 2274 2669 sunt
2294 2630 2342 2668 de
2362 2631 2510 2669 mundo

2085 2687 2180 2724 sicut
2200 2697 2275 2734 ego
2295 2697 2374 2723 non
2393 2696 2479 2722 sum

2085 2739 2133 2778 de
2153 2739 2301 2777 mundo
2321 2738 2434 2776 1⁵non
2454 2749 2498 2775 ro

2084 2806 2137 2843 go
2155 2800 2196 2831 ut
2214 2792 2325 2830 tollas
2344 2803 2412 2829 eos
2431 2791 2479 2829 de

2085 2847 2160 2885 hoc
2179 2845 2326 2884 mundo
2346 2845 2414 2883 sed
2434 2851 2474 2882 ut

2086 2912 2216 2939 serues
2234 2911 2302 2938 eos
2322 2911 2344 2936 a
2363 2899 2468 2937 malo

2459 2966 2529 2993 xm

2105 3032 2167 3057 one
2184 3018 2269 3068 leaf
2277 3020 2309 3056 is
2328 3019 2406 3056 lost.
