2820 3334
437 208 488 256 56

435 294 519 326 1⁸01.
534 295 617 325 109.
644 337 651 344 .

489 349 580 376 ecce
600 343 711 374 rn1tto
731 348 782 374 an

487 391 617 442 gelum
641 403 772 429 meum

487 451 577 483 ante
596 445 735 484 faciem
754 451 797 481 tu

486 511 551 537 am
570 500 636 548 qui
655 509 819 549 prepara

484 559 541 591 ret
559 553 664 590 uiam
684 559 791 591 tuam

484 613 573 644 ante
592 613 630 644 te

430 660 561 699 ²⁸Dic0
579 666 710 698 autem
729 659 840 698 uobis
859 670 924 697 ma

429 715 487 753 ior
505 715 605 752 inter
623 721 737 752 natos
755 713 873 751 mulie

429 781 516 806 rum
535 768 705 807 iohanne
724 768 850 818 baptis

427 828 467 860 ta
486 834 604 861 nemo
622 828 680 860 est
701 834 793 860 nam
812 821 878 872 qui

427 877 555 915 minor
573 883 631 914 est
650 876 689 914 in
707 888 830 925 regno

426 929 467 967 di
486 931 610 968 maior
629 937 686 969 est
705 930 771 968 illo

426 983 644 1022 29Ε101111113
657 983 824 1033 populus
837 983 926 1021 audi

424 1049 494 1076 ens
514 1046 551 1076 et
570 1038 765 1087 publicani
784 1037 872 1075 iusti

424 1092 636 1130 ficauerunt
655 1091 724 1129 dm
744 1092 820 1141 bap

423 1146 525 1183 tizati
545 1146 783 1195 baptismum
801 1145 841 1184 io

422 1199 561 1237 hannis

422 1253 655 1291 ³⁰Pharisaei
676 1259 807 1291 autem
830 1259 869 1291 et
887 1252 922 1292 16

422 1307 480 1358 gis
499 1307 609 1357 periti
628 1307 830 1345 consilium

422 1360 463 1399 di
482 1367 709 1411 spreuerunt
727 1361 768 1399 in
787 1373 829 1399 se

422 1427 505 1453 non
523 1415 705 1465 baptizati

421 1468 532 1507 ³¹Cui
544 1481 638 1519 ergo
651 1468 795 1507 similes
807 1468 922 1508 dica-

420 1522 598 1562 homines
616 1523 813 1572 generatio

421 1589 492 1616 nes
511 1583 549 1616 et
568 1578 630 1616 cui
649 1577 793 1616 similes
812 1583 871 1616 est

419 1748 596 1788 82511111113
616 1756 705 1788 sunt
724 1751 853 1800 pueris

419 1804 642 1842 sedentibus
660 1804 700 1842 in
720 1804 805 1843 foro

418 1864 456 1896 et
475 1858 722 1909 loquentibus
742 1858 791 1897 ad
810 1858 851 1897 in

417 1912 544 1951 uicem
564 1912 736 1951 dicentes
753 1925 827 1951 can

417 1967 585 2004 tauimus
604 1967 718 2005 uobis
737 1973 774 2004 et
793 1972 874 2006 110-

419 2020 584 2058 saltastis
676 2020 805 2058 lame·-

418 2074 585 2112 tauimus
603 2074 717 2112 uobis
736 2080 774 2111 et
793 2080 878 2113 110-

418 2128 598 2178 plorastis
670 2127 814 2166 ”uenit

417 2182 523 2220 enim
542 2180 720 2220 iohannis
739 2183 818 2231 bap

417 2235 506 2273 tista
524 2247 652 2286 neque
671 2236 818 2274 mandu

417 2301 511 2328 cans
530 2301 656 2340 neque
676 2290 812 2327 bibens

417 2350 455 2381 et
475 2343 599 2382 dicitis
618 2343 842 2382 demonium

416 2398 534 2436 habet
607 2397 747 2436 ³⁴uenit
766 2398 864 2436 filius

417 2451 586 2491 hominis
604 2451 846 2490 manducans

418 2512 456 2543 et
475 2506 611 2544 bibens
630 2512 668 2544 et
688 2506 811 2544 dicitis
830 2518 875 2545 ec

417 2571 463 2597 ce
483 2559 602 2599 homo
621 2560 827 2599 deuorator

418 2619 456 2650 et
474 2614 610 2652 uiuens
630 2615 763 2652 uinum
783 2614 860 2653 ami

416 2678 484 2705 cus
504 2668 798 2716 publicanorum

417 2727 456 2758 et
475 2728 724 2770 peccatorum
744 2723 816 2760 ⁸⁵et

419 2774 620 2812 iustificata
639 2782 696 2812 est
716 2777 848 2825 sapien

418 2827 471 2865 tia
490 2828 540 2865 ab
559 2829 740 2867 omnibus
759 2829 843 2867 filiis

418 2882 496 2920 suis
796 2881 917 2936 [illu-

418 2935 582 2974 xv1111³⁶
601 2934 774 2986 Rogana
798 2942 916 2976 aulem

418 2990 576 3040 quidam
595 2989 794 3040 phariseus

670 202 1087 245 EIJANGELIUM
1109 203 1220 243 SEC

968 334 1023 373 Ut
1041 334 1290 373 manducaret
1308 339 1385 373 611-

965 389 1030 427 1110
1049 395 1087 426 61
1106 390 1300 438 ingressus
1318 389 1358 426 in

968 442 1130 481 domurn
1149 442 1316 492 pharisei
1336 442 1394 481 dis

965 497 1096 535 cubuit
1150 496 1224 535 ³⁷et
1243 508 1334 535 ecce

965 550 1101 588 mulier
1119 562 1196 601 que
1214 556 1296 589 erat
1314 551 1355 588 in

965 604 1159 643 ciuitatem
1178 605 1372 655 peccatrix

964 664 1006 696 ut
1025 659 1211 708 cognouit
1231 659 1336 709 quod

962 713 1137 751 recubuit
1157 714 1197 750 in
1216 713 1336 752 domo

962 766 1152 816 pharisaei
1172 767 1295 805 attulit
1314 766 1375 804 ala

961 821 1133 859 bastrum
1152 821 1339 870 unguenti

962 874 1034 912 ⁸⁸et
1053 881 1158 913 stans
1178 881 1278 913 retro
1297 886 1407 913 secus

961 928 1081 978 pedes
1100 929 1182 966 eius
1201 929 1365 966 lacrimis

960 982 1109 1032 rigabat
1129 982 1247 1031 pedes
1266 982 1347 1020 eius

959 1043 997 1073 et
1017 1036 1162 1086 capillis
1181 1036 1314 1086 capitis
1333 1036 1391 1074 sui

959 1091 1132 1139 tergebat
1151 1096 1188 1128 et
1207 1090 1340 1129 oscula

959 1144 1070 1182 batur
1088 1144 1208 1194 pedes
1228 1144 1310 1182 eius
1328 1150 1367 1182 et

957 1199 1156 1248 unguebat
1175 1210 1332 1248 unguen

957 1258 999 1290 to
1123 1252 1295 1290 ³⁹uidens

957 1313 1086 1344 autem
1106 1305 1306 1356 phariseus

957 1360 1022 1410 qui
1041 1366 1249 1398 uocauerat
1268 1372 1358 1398 eum

956 1414 1008 1451 ait
1027 1413 1125 1452 intra
1144 1426 1185 1452 se
1206 1415 1339 1452 dicens

955 1467 1018 1506 hic
1038 1468 1069 1506 si
1088 1474 1188 1506 esset
1207 1468 1357 1518 profeta

956 1522 1067 1560 sciret
1086 1523 1217 1572 utique
1235 1534 1337 1573 quae

955 1582 993 1614 et
1012 1576 1137 1627 qualis
1157 1577 1293 1615 mulier

953 1761 1051 1800 quae
1071 1750 1193 1800 tangit
1212 1762 1302 1788 eum
1321 1749 1412 1801 quia

951 1804 1147 1853 peccatrix
1167 1810 1225 1842 est

950 1858 1039 1896 ⁴⁰Et
1058 1858 1256 1909 respondit
1278 1857 1339 1896 ihs
1358 1858 1453 1896 dixit

950 1912 999 1950 ad
1020 1912 1127 1950 illum
1201 1913 1326 1951 simon

951 1966 1078 2004 habeo
1098 1966 1166 2004 tibi
1184 1966 1328 2016 aliquid
1348 1966 1387 2004 di

952 2032 1039 2058 cere
1077 2021 1127 2059 ad
1146 2020 1208 2059 ille
1228 2021 1322 2059 dixit
1341 2032 1407 2059 ma

951 2075 1069 2124 gister
1088 2074 1147 2113 dic
1257 2073 1329 2112 ‘¹¹et
1348 2075 1400 2113 ait

951 2128 1042 2167 Duo
1062 2129 1254 2167 debitores
1274 2135 1382 2167 erant

951 2182 1106 2221 cuidam
1126 2182 1332 2221 feneratori

951 2248 1052 2274 unus
1071 2236 1237 2275 debebat
1257 2237 1349 2275 dina

950 2290 1027 2328 rios
1046 2291 1279 2341 quingentos
1297 2297 1336 2328 et

950 2343 1045 2382 alius
1065 2344 1346 2394 quinquaginta

948 2398 1065 2436 ⁴²n0n
1084 2398 1316 2437 habentibus
1335 2397 1407 2437 illis

1218 2461 1240 2482 n

949 2494 1053 2533 unde
1073 2494 1249 2533 redderet
1269 2494 1321 2533 do

949 2549 1057 2587 nauit
1076 2549 1245 2599 utrisque
1265 2554 1390 2587 eoru-

951 2603 1036 2654 quis
1056 2615 1148 2653 ergo
1167 2615 1256 2641 eum
1276 2603 1362 2653 plus

950 2658 1083 2707 diligit·
1159 2657 1335 2707 ⁴8respon

948 2711 1045 2750 dens
1064 2711 1190 2750 simon
1210 2711 1303 2750 dixit
1322 2723 1371 2749 ex

948 2766 1044 2804 timo
1063 2766 1153 2816 quia
1173 2766 1204 2804 is
1223 2766 1282 2804 cui
1303 2766 1388 2815 plus

950 2820 1108 2858 donauit
1128 2820 1178 2858 ad
1197 2819 1255 2858 ihs
1275 2820 1370 2858 dixit

949 2873 983 2910 ei
1003 2880 1106 2912 recte
1125 2874 1299 2912 iudicasti

950 2927 979 2947 ⁴⁴
987 2927 1035 2964 Et
1055 2939 1265 2966 conuersus
1283 2927 1332 2965 ad
1351 2939 1417 2966 mu

948 2980 1081 3017 lierem
1102 2981 1196 3018 dixit
1215 2981 1355 3019 simoni

949 3034 1056 3071 uides
1075 3034 1175 3072 hanc
1196 3034 1380 3072 muliere-

1885 204 2037 245 LUCA
2044 206 2093 246 N
2094 206 2189 246 UM
2237 204 2320 260 [vn.
2343 219 2493 255 27-v111.
2515 223 2527 246 1
2537 224 2566 247 2.

1535 292 1617 323 Fol.
1634 294 1715 324 110.

1535 335 1678 374 Intraui
1698 335 1736 372 in
1756 334 1919 373 domum

1533 395 1638 427 tuam
1659 401 1801 439 aquam
1821 389 1860 427 in
1878 389 1967 439 pedi

1533 444 1604 488 bus
1625 443 1719 480 mihi
1739 455 1820 481 non
1839 443 1978 481 dedisti

1532 497 1628 535 11366
1647 503 1776 535 31116111
1795 497 1960 535 lacrimis

1532 551 1610 589 suis
1629 552 1750 602 pedes
1769 563 1879 590 meos
1899 552 1980 601 riga

1529 605 1584 644 uit
1603 612 1641 644 et
1660 605 1807 655 capillis
1826 605 1904 643 suis
1922 612 1981 644 ter

1531 659 1578 697 sit
1669 659 1880 698 4505611111111

1529 712 1624 750 1111111
1643 725 1724 751 11011
1743 713 1880 751 dedisti
1899 711 1996 752 haec

1530 773 1660 805 autem
1680 780 1728 805 ex
1748 779 1827 817 quo
1847 767 1945 806 intra

1529 821 1585 858 uit
1622 833 1702 859 non
1722 821 1884 860 cessauit
1903 833 1949 860 os

1529 875 1646 913 culari
1666 875 1786 924 pedes
1805 887 1913 913 meos

1527 929 1648 967 “oleo
1667 941 1747 967 non
1766 929 1907 967 unxisti
1925 941 1974 979 pe

1527 982 1595 1021 des
1614 995 1723 1021 meos
1778 983 1874 1021 haec
1895 995 1945 1022 au

1525 1044 1605 1074 tem
1625 1043 1824 1087 unguento
1842 1049 1897 1074 un

1526 1091 1581 1128 xit
1654 1091 1848 1141 “propter
1867 1090 1973 1141 quod

1527 1144 1615 1183 dico
1634 1146 1746 1183 uobis
1765 1145 1924 1184 remissa

1527 1205 1616 1236 sunt
1635 1199 1687 1236 illi
1706 1199 1827 1237 multa
1847 1211 1925 1249 quo

1525 1253 1631 1290 niam
1649 1252 1779 1291 dilexit
1798 1254 1949 1291 multu-

1526 1307 1587 1345 cui
1607 1313 1736 1345 autem
1755 1307 1884 1345 minus
1904 1307 1942 1345 di

1525 1361 1684 1398 mittitur
1702 1361 1830 1398 minus
1850 1361 1889 1399 di

1524 1414 1606 1464 ligit
1660 1414 1733 1452 ⁴⁸et
1753 1414 1804 1452 ait
1823 1414 1874 1452 illi
1894 1414 1954 1453 ihs

1524 1469 1685 1506 remissa
1704 1475 1792 1507 sunt
1811 1469 1878 1507 tibi
1897 1480 1970 1519 pec

1523 1528 1609 1560 6313
1628 1528 1694 1560 tua

1522 1575 1609 1614 49Ε1
1629 1577 1696 1627 qui
1716 1575 1828 1615 simul
1847 1587 1979 1615 recum

1520 1716 1645 1788 Bengt
1664 1756 1878 1800 coeperunt

1521 1804 1649 1842 dicere
1668 1805 1768 1842 intra
1787 1816 1827 1842 se
1848 1804 1935 1855 quis

1521 1865 1579 1896 est
1598 1858 1661 1896 hic
1680 1859 1746 1909 qui
1765 1859 1882 1897 etiam
1901 1871 1974 1909 pec

1520 1918 1607 1950 cata
1625 1912 1782 1950 remittit

1520 1965 1663 2004 ⁵⁰Dixit
1682 1973 1810 2004 autem
1830 1965 1880 2004 ad
1901 1966 2019 2005 mulie

1519 2032 1601 2058 rem
1621 2020 1716 2058 fides
1734 2026 1800 2058 tua
1819 2028 1857 2058 te
1876 2020 1933 2058 sal

1518 2086 1610 2112 uam
1630 2073 1720 2113 fecit
1738 2073 1838 2112 uade
1857 2074 1898 2112 in

1519 2140 1614 2178 pace

1519 2191 1577 2218 xx
1593 2181 1628 2220 8¹
1643 2180 1702 2219 Et
1702 2182 1857 2231 sactum
1871 2182 2019 2225 esLdein

1518 2247 1610 2285 ceps
1629 2242 1667 2274 et
1686 2236 1769 2285 ipse
1789 2236 1860 2275 iter
1879 2236 1974 2275 facie

1518 2290 1584 2327 bat
1603 2302 1670 2339 per
1689 2290 1862 2328 ciuitates
1881 2296 1919 2328 et

1517 2344 1671 2382 castella
1689 2343 1888 2394 praedicas

1785 2407 1806 2428 n

1517 2446 1555 2479 et
1574 2440 1816 2490 euangelizas
1835 2452 1903 2490 reg

1517 2506 1612 2532 num
1631 2494 1671 2532 di
1690 2501 1728 2533 et
1747 2494 1955 2533 duodecim

1517 2560 1608 2587 curn
1628 2548 1692 2587 illo
1712 2550 1768 2586 ²et
1787 2548 1904 2586 mulie

1515 2614 1577 2641 res
1596 2614 1672 2652 que
1692 2609 1799 2640 erant
1819 2614 1910 2640 cura

1515 2663 1553 2694 te
1572 2657 1622 2694 ab
1641 2656 1845 2706 ispiritibus
1864 2668 1929 2694 ma

1516 2708 1629 2760 lignis
1648 2717 1685 2749 et
1704 2710 1884 2749 infirmita

1516 2765 1616 2803 tibus
1653 2765 1774 2803 maria
1793 2777 1892 2815 quae

1517 2826 1676 2857 uocatur
1695 2819 1873 2868 magdale

1517 2885 1589 2911 nae
1608 2886 1631 2911 3
1651 2885 1728 2923 qua
1748 2873 1888 2911 daemo

1515 2927 1577 2964 nia
1595 2927 1770 2964 exierunt
1788 2933 1938 2976 septem

1516 2981 1571 3019 ³et
1591 2981 1759 3018 iohanna
1778 2992 1875 3017 uxor

1514 3034 1657 3072 chuzae
1678 3032 1933 3083 procuratoris

2066 337 2235 376 Herodis
2254 344 2291 376 et
2311 350 2479 377 susanna

2065 397 2103 429 et
2123 392 2193 430 alie
2213 393 2354 431 multae
2375 405 2475 444 quae

2331 456 2353 477 n

2064 494 2100 525 et
2118 488 2359 528 ministrabat
2377 490 2449 529 illis

2064 541 2113 579 de
2133 542 2376 582 facultatibus
2396 544 2475 582 suis

2064 594 2186 633 ⁴Cum
2206 609 2300 647 ergo
2320 604 2379 635 tur
2399 610 2525 637 conue

2063 649 2182 688 nisset
2200 657 2240 689 et
2258 651 2306 689 de
2326 651 2467 691 ciuitati

2329 714 2353 736 n

2062 746 2136 784 bus
2155 745 2353 786 adueniret
2371 748 2453 786 mul

2061 800 2089 837 ti
2113 800 2206 838 dixit
2226 801 2501 840 similitudine-

2063 853 2171 892 ⁵ecce
2190 855 2280 892 exiit
2300 855 2365 906 qui
2385 856 2481 894 semi

2062 914 2129 945 nat
2149 909 2337 947 seminare
2358 917 2496 948 seme-

2062 973 2175 1000 suum
2213 969 2250 1000 et
2270 963 2362 1001 dum
2382 964 2478 1001 semi

2061 1022 2128 1053 nat
2146 1015 2249 1054 aliud
2267 1017 2407 1055 cecidit
2427 1029 2468 1056 se

2060 1082 2129 1108 cus
2147 1070 2251 1108 1113111
2270 1078 2307 1109 61
2326 1071 2464 1110 60116111

2060 1130 2190 1162 63111111
2210 1131 2266 1162 est
2285 1131 2322 1162 et
2341 1125 2518 1164 uolucres

2059 1177 2152 1215 illud
2171 1179 2420 1218 comederunt

2059 1230 2116 1269 ⁶et
2134 1231 2237 1270 aliud
2257 1233 2393 1271 cecidit
2413 1245 2458 1271 su

2059 1297 2128 1335 per
2147 1292 2297 1335 petram
2317 1293 2353 1324 et
2373 1293 2495 1325 natu-

2058 1339 2155 1377 aruit
2174 1340 2264 1389 quia
2284 1352 2363 1378 non
2384 1341 2434 1379 ha

2057 1393 2139 1430 buit
2158 1393 2361 1432 humorem
2380 1394 2438 1432 ''et

2057 1447 2160 1485 aliud
2179 1447 2313 1486 cecidit
2332 1448 2433 1487 inter

2057 1501 2188 1550 spinas
2209 1508 2246 1539 et
2265 1502 2378 1539 simul
2398 1515 2447 1540 ex

2057 1554 2169 1593 horta
2188 1562 2246 1593 est
2266 1555 2399 1604 spinae
2419 1563 2458 1594 et

2057 1609 2342 1647 suffocauerunt
2362 1610 2388 1647 il

2056 1662 2110 1701 lut
2185 1663 2242 1701 ⁸et
2260 1663 2362 1701 aliud
2381 1664 2464 1702 ceci

2055 1746 2122 1786 Dit
2141 1748 2179 1786 in
2199 1756 2339 1787 terram
2359 1750 2494 1789 bona*

2054 1808 2091 1840 61
2110 1810 2287 1841 exortum
2308 1803 2396 1842 fecit
2413 1805 2496 1844 fruc

2053 1862 2136 1894 turn
2157 1857 2378 1908 centuplum

2053 1909 2149 1949 haec
2169 1911 2300 1950 dicens
2319 1911 2443 1951 clama

2053 1965 2120 2003 bat
2139 1965 2206 2015 qui
2225 1965 2342 2004 habet
2361 1978 2474 2005 aures

2053 2018 2234 2057 audiendi
2253 2020 2385 2058 audiat

2052 2072 2413 2123 ⁹Interrogauerunt

2052 2133 2182 2165 autem
2200 2139 2290 2166 eum
2309 2126 2460 2178 discipu

2051 2180 2077 2218 li
2097 2193 2196 2231 quae
2215 2187 2317 2220 esset
2334 2181 2428 2220 haec
2447 2194 2499 2232 pa

2051 2235 2184 2272 rabola

2051 2288 2080 2309 ¹⁰
2088 2288 2241 2335 Quibus
2247 2288 2327 2338 ipse
2335 2288 2428 2326 dixit
2437 2289 2548 2327 uobis

2051 2342 2183 2380 datum
2202 2349 2260 2380 est
2279 2343 2375 2381 scire
2395 2355 2481 2391 mys

2050 2396 2186 2434 terium
2205 2396 2245 2433 di
2319 2397 2455 2435 ceteris

2049 2456 2177 2488 autem
2198 2450 2237 2487 in
2256 2450 2448 2500 parabolis

2050 2510 2091 2541 ut
2111 2504 2286 2542 uidentes
2305 2517 2386 2542 non
2405 2505 2445 2542 ui

2049 2558 2166 2596 deant
2203 2565 2240 2596 et
2259 2558 2458 2598 audientes

2049 2624 2130 2650 non
2149 2612 2373 2661 intellegant

2048 2666 2152 2704 11Est
2171 2673 2301 2704 autem
2319 2666 2414 2704 haec
2434 2677 2528 2715 para

2048 2720 2138 2758 bola
2157 2732 2291 2758 semen
2310 2726 2367 2758 est
2386 2731 2453 2757 uer

2048 2774 2142 2812 bum
2161 2773 2201 2811 di
2238 2773 2339 2823 1²qui
2358 2778 2488 2810 autem

2047 2839 2157 2866 secus
2177 2827 2277 2864 uiam
2298 2833 2386 2864 sunt
2406 2826 2458 2864 hii

2047 2888 2135 2919 sunt
2154 2881 2219 2930 qui
2238 2880 2396 2918 audiunt
2415 2892 2464 2918 ue

2046 2935 2101 2972 nit
2119 2943 2247 2972 autem
2268 2933 2444 2972 diabolus

2045 2995 2081 3026 et
2102 2988 2195 3026 tollit
2215 2987 2263 3025 de
2283 2988 2400 3026 corde
2420 2987 2444 3025 il
