<?xml version="1.0" encoding="UTF-8"?>
<!DOCTYPE html PUBLIC "-//W3C//DTD XHTML 1.0 Transitional//EN"
    "http://www.w3.org/TR/xhtml1/DTD/xhtml1-transitional.dtd">
<html xmlns="http://www.w3.org/1999/xhtml" xml:lang="en" lang="en">
 <head>
  <title>
</title>
<meta http-equiv="Content-Type" content="text/html;charset=utf-8" />
  <meta name='ocr-system' content='tesseract 3.04.00' />
  <meta name='ocr-capabilities' content='ocr_page ocr_carea ocr_par ocr_line ocrx_word'/>
</head>
<body>
  <div class='ocr_page' id='page_1' title='image "./fourgospelsfromc00bibluoft_0046.png"; bbox 0 0 2866 3346; ppageno 0'>
   <div class='ocr_carea' id='block_1_1' title="bbox 468 202 975 1618">
    <p class='ocr_par' dir='ltr' id='par_1_1' title="bbox 482 202 903 372">
     <span class='ocr_line' id='line_1_1' title="bbox 486 202 538 240; baseline 0 -11"><span class='ocrx_word' id='word_1_1' title='bbox 486 202 538 240; x_wconf 84' lang='lat'>30</span> 
     </span>
     <span class='ocr_line' id='line_1_2' title="bbox 484 278 642 310; baseline 0 -2"><span class='ocrx_word' id='word_1_2' title='bbox 484 278 568 310; x_wconf 72' lang='lat' dir='ltr'>Pol.</span> <span class='ocrx_word' id='word_1_3' title='bbox 584 278 642 310; x_wconf 84' lang='lat'>58.</span> 
     </span>
     <span class='ocr_line' id='line_1_3' title="bbox 482 321 903 372; baseline 0 -12"><span class='ocrx_word' id='word_1_4' title='bbox 482 321 551 360; x_wconf 94' lang='lat' dir='ltr'>Xit</span> <span class='ocrx_word' id='word_1_5' title='bbox 569 333 692 360; x_wconf 92' lang='lat' dir='ltr'>unum</span> <span class='ocrx_word' id='word_1_6' title='bbox 711 334 812 372; x_wconf 91' lang='lat' dir='ltr'>opus</span> <span class='ocrx_word' id='word_1_7' title='bbox 831 321 903 361; x_wconf 90' lang='lat' dir='ltr'>feci</span> 
     </span>
    </p>

    <p class='ocr_par' dir='ltr' id='par_1_2' title="bbox 475 377 964 1022">
     <span class='ocr_line' id='line_1_4' title="bbox 482 377 887 415; baseline 0 -1"><span class='ocrx_word' id='word_1_8' title='bbox 482 382 520 414; x_wconf 93' lang='lat' dir='ltr'>et</span> <span class='ocrx_word' id='word_1_9' title='bbox 540 388 678 415; x_wconf 89' lang='lat' dir='ltr'>omnes</span> <span class='ocrx_word' id='word_1_10' title='bbox 697 377 887 415; x_wconf 89' lang='lat' dir='ltr'>miramini</span> 
     </span>
     <span class='ocr_line' id='line_1_5' title="bbox 482 429 964 480; baseline 0.006 -13"><span class='ocrx_word' id='word_1_11' title='bbox 482 429 723 480; x_wconf 79' lang='lat' dir='ltr'>²²propterea</span> <span class='ocrx_word' id='word_1_12' title='bbox 741 442 897 480; x_wconf 91' lang='lat' dir='ltr'>moyses</span> <span class='ocrx_word' id='word_1_13' title='bbox 916 430 964 470; x_wconf 91' lang='lat' dir='ltr'>de</span> 
     </span>
     <span class='ocr_line' id='line_1_6' title="bbox 482 485 887 523; baseline 0 -1"><span class='ocrx_word' id='word_1_14' title='bbox 482 485 537 522; x_wconf 92' lang='lat' dir='ltr'>dit</span> <span class='ocrx_word' id='word_1_15' title='bbox 555 485 667 522; x_wconf 88' lang='lat' dir='ltr'>uobis</span> <span class='ocrx_word' id='word_1_16' title='bbox 686 485 887 523; x_wconf 90' lang='lat' dir='ltr'>circumcir</span> 
     </span>
     <span class='ocr_line' id='line_1_7' title="bbox 478 539 855 576; baseline 0 0"><span class='ocrx_word' id='word_1_17' title='bbox 478 539 756 576; x_wconf 89' lang='lat' dir='ltr'>cumcisionem</span> <span class='ocrx_word' id='word_1_18' title='bbox 776 550 855 576; x_wconf 91' lang='lat' dir='ltr'>non</span> 
     </span>
     <span class='ocr_line' id='line_1_8' title="bbox 478 592 956 643; baseline 0.004 -14"><span class='ocrx_word' id='word_1_19' title='bbox 478 593 571 643; x_wconf 88' lang='lat' dir='ltr'>quia</span> <span class='ocrx_word' id='word_1_20' title='bbox 589 604 637 631; x_wconf 91' lang='lat' dir='ltr'>ex</span> <span class='ocrx_word' id='word_1_21' title='bbox 657 604 792 642; x_wconf 88' lang='lat' dir='ltr'>moyse</span> <span class='ocrx_word' id='word_1_22' title='bbox 812 598 868 631; x_wconf 88' lang='lat' dir='ltr'>est</span> <span class='ocrx_word' id='word_1_23' title='bbox 888 592 956 631; x_wconf 93' lang='lat' dir='ltr'>sed</span> 
     </span>
     <span class='ocr_line' id='line_1_9' title="bbox 478 647 922 696; baseline 0.005 -12"><span class='ocrx_word' id='word_1_24' title='bbox 478 658 526 684; x_wconf 91' lang='lat' dir='ltr'>ex</span> <span class='ocrx_word' id='word_1_25' title='bbox 546 647 717 696; x_wconf 86' lang='lat' dir='ltr'>patribus</span> <span class='ocrx_word' id='word_1_26' title='bbox 737 652 774 685; x_wconf 92' lang='lat' dir='ltr'>et</span> <span class='ocrx_word' id='word_1_27' title='bbox 794 647 833 684; x_wconf 93' lang='lat' dir='ltr'>in</span> <span class='ocrx_word' id='word_1_28' title='bbox 853 648 922 686; x_wconf 89' lang='lat' dir='ltr'>sab</span> 
     </span>
     <span class='ocr_line' id='line_1_10' title="bbox 478 700 892 740; baseline 0 -1"><span class='ocrx_word' id='word_1_29' title='bbox 478 700 531 739; x_wconf 95' lang='lat' dir='ltr'>bo</span> <span class='ocrx_word' id='word_1_30' title='bbox 551 701 820 739; x_wconf 81' lang='lat' dir='ltr'>circumciditis</span> <span class='ocrx_word' id='word_1_31' title='bbox 839 701 892 740; x_wconf 93' lang='lat' dir='ltr'>ho</span> 
     </span>
     <span class='ocr_line' id='line_1_11' title="bbox 475 755 924 794; baseline 0 -1"><span class='ocrx_word' id='word_1_32' title='bbox 475 755 622 793; x_wconf 87' lang='lat' dir='ltr'>minem</span> <span class='ocrx_word' id='word_1_33' title='bbox 691 755 758 793; x_wconf 78' lang='lat' dir='ltr'>²³si</span> <span class='ocrx_word' id='word_1_34' title='bbox 777 756 924 794; x_wconf 90' lang='lat' dir='ltr'>circum</span> 
     </span>
     <span class='ocr_line' id='line_1_12' title="bbox 476 809 910 860; baseline 0 -12"><span class='ocrx_word' id='word_1_35' title='bbox 476 809 664 848; x_wconf 92' lang='lat' dir='ltr'>cisionem</span> <span class='ocrx_word' id='word_1_36' title='bbox 684 809 839 860; x_wconf 89' lang='lat' dir='ltr'>adcepit</span> <span class='ocrx_word' id='word_1_37' title='bbox 857 809 910 848; x_wconf 89' lang='lat' dir='ltr'>ho</span> 
     </span>
     <span class='ocr_line' id='line_1_13' title="bbox 475 863 887 902; baseline 0.005 -2"><span class='ocrx_word' id='word_1_38' title='bbox 475 874 543 901; x_wconf 90' lang='lat' dir='ltr'>mo</span> <span class='ocrx_word' id='word_1_39' title='bbox 563 863 725 902; x_wconf 88' lang='lat' dir='ltr'>sabbato</span> <span class='ocrx_word' id='word_1_40' title='bbox 744 870 787 901; x_wconf 92' lang='lat' dir='ltr'>ut</span> <span class='ocrx_word' id='word_1_41' title='bbox 807 875 887 902; x_wconf 90' lang='lat' dir='ltr'>non</span> 
     </span>
     <span class='ocr_line' id='line_1_14' title="bbox 475 917 878 967; baseline 0 -12"><span class='ocrx_word' id='word_1_42' title='bbox 475 917 647 955; x_wconf 86' lang='lat' dir='ltr'>soluatur</span> <span class='ocrx_word' id='word_1_43' title='bbox 666 930 731 956; x_wconf 90' lang='lat' dir='ltr'>rex</span> <span class='ocrx_word' id='word_1_44' title='bbox 753 918 878 967; x_wconf 84' lang='lat' dir='ltr'>moysi</span> 
     </span>
     <span class='ocr_line' id='line_1_15' title="bbox 475 971 843 1022; baseline 0 -13"><span class='ocrx_word' id='word_1_45' title='bbox 475 971 569 1009; x_wconf 91' lang='lat' dir='ltr'>mihi</span> <span class='ocrx_word' id='word_1_46' title='bbox 587 971 843 1022; x_wconf 86' lang='lat' dir='ltr'>indignamini</span> 
     </span>
    </p>

    <p class='ocr_par' dir='ltr' id='par_1_3' title="bbox 474 1025 914 1118">
     <span class='ocr_line' id='line_1_16' title="bbox 474 1025 914 1076; baseline 0.002 -14"><span class='ocrx_word' id='word_1_47' title='bbox 474 1025 565 1076; x_wconf 87' lang='lat' dir='ltr'>quia</span> <span class='ocrx_word' id='word_1_48' title='bbox 584 1032 706 1064; x_wconf 90' lang='lat' dir='ltr'>totum</span> <span class='ocrx_word' id='word_1_49' title='bbox 727 1026 914 1064; x_wconf 78' lang='lat' dir='ltr'>homine·</span> 
     </span>
     <span class='ocr_line' id='line_1_17' title="bbox 474 1080 903 1118; baseline 0 -1"><span class='ocrx_word' id='word_1_50' title='bbox 474 1091 611 1117; x_wconf 91' lang='lat' dir='ltr'>sanum</span> <span class='ocrx_word' id='word_1_51' title='bbox 632 1080 719 1117; x_wconf 90' lang='lat' dir='ltr'>fecit</span> <span class='ocrx_word' id='word_1_52' title='bbox 740 1080 903 1118; x_wconf 91' lang='lat' dir='ltr'>sabbato</span> 
     </span>
    </p>

    <p class='ocr_par' dir='ltr' id='par_1_4' title="bbox 472 1133 953 1281">
     <span class='ocr_line' id='line_1_18' title="bbox 473 1133 953 1173; baseline 0.002 -2"><span class='ocrx_word' id='word_1_53' title='bbox 473 1134 502 1156; x_wconf 78' lang='lat'>2⁴</span> <span class='ocrx_word' id='word_1_54' title='bbox 510 1133 627 1172; x_wconf 92' lang='lat' dir='ltr'>nolite</span> <span class='ocrx_word' id='word_1_55' title='bbox 646 1133 812 1172; x_wconf 87' lang='lat' dir='ltr'>iudicare</span> <span class='ocrx_word' id='word_1_56' title='bbox 832 1140 953 1173; x_wconf 72' lang='lat' dir='ltr'>secu-</span> 
     </span>
     <span class='ocr_line' id='line_1_19' title="bbox 472 1187 887 1227; baseline 0.005 -2"><span class='ocrx_word' id='word_1_57' title='bbox 472 1188 566 1226; x_wconf 90' lang='lat' dir='ltr'>dum</span> <span class='ocrx_word' id='word_1_58' title='bbox 584 1187 720 1226; x_wconf 84' lang='lat' dir='ltr'>faciem</span> <span class='ocrx_word' id='word_1_59' title='bbox 740 1188 809 1226; x_wconf 92' lang='lat' dir='ltr'>sed</span> <span class='ocrx_word' id='word_1_60' title='bbox 828 1188 887 1227; x_wconf 92' lang='lat' dir='ltr'>ius</span> 
     </span>
     <span class='ocr_line' id='line_1_20' title="bbox 472 1242 857 1281; baseline 0.003 -2"><span class='ocrx_word' id='word_1_61' title='bbox 472 1248 555 1280; x_wconf 83' lang='lat' dir='ltr'>tum</span> <span class='ocrx_word' id='word_1_62' title='bbox 574 1242 758 1281; x_wconf 89' lang='lat' dir='ltr'>iudicium</span> <span class='ocrx_word' id='word_1_63' title='bbox 777 1242 857 1280; x_wconf 91' lang='lat' dir='ltr'>iudi</span> 
     </span>
    </p>

    <p class='ocr_par' dir='ltr' id='par_1_5' title="bbox 471 1304 554 1334">
     <span class='ocr_line' id='line_1_21' title="bbox 471 1304 554 1334; baseline 0 0"><span class='ocrx_word' id='word_1_64' title='bbox 471 1304 554 1334; x_wconf 91' lang='lat' dir='ltr'>cate</span> 
     </span>
    </p>

    <p class='ocr_par' dir='ltr' id='par_1_6' title="bbox 468 1350 975 1618">
     <span class='ocr_line' id='line_1_22' title="bbox 471 1350 975 1401; baseline 0 -13"><span class='ocrx_word' id='word_1_65' title='bbox 471 1350 501 1373; x_wconf 77' lang='lat'>²⁶</span> <span class='ocrx_word' id='word_1_66' title='bbox 508 1350 700 1388; x_wconf 89' lang='lat' dir='ltr'>Dicebant</span> <span class='ocrx_word' id='word_1_67' title='bbox 716 1362 809 1401; x_wconf 87' lang='lat' dir='ltr'>ergo</span> <span class='ocrx_word' id='word_1_68' title='bbox 825 1350 975 1401; x_wconf 73' lang='lat' dir='ltr'>quida-</span> 
     </span>
     <span class='ocr_line' id='line_1_23' title="bbox 471 1404 896 1443; baseline 0 -1"><span class='ocrx_word' id='word_1_69' title='bbox 471 1416 521 1443; x_wconf 84' lang='lat' dir='ltr'>ex</span> <span class='ocrx_word' id='word_1_70' title='bbox 540 1404 795 1443; x_wconf 88' lang='lat' dir='ltr'>iherosolimis</span> <span class='ocrx_word' id='word_1_71' title='bbox 814 1417 896 1443; x_wconf 89' lang='lat' dir='ltr'>non</span> 
     </span>
     <span class='ocr_line' id='line_1_24' title="bbox 471 1458 908 1509; baseline 0 -13"><span class='ocrx_word' id='word_1_72' title='bbox 471 1471 520 1497; x_wconf 89' lang='lat' dir='ltr'>ne</span> <span class='ocrx_word' id='word_1_73' title='bbox 540 1458 601 1497; x_wconf 85' lang='lat' dir='ltr'>hic</span> <span class='ocrx_word' id='word_1_74' title='bbox 621 1465 678 1496; x_wconf 91' lang='lat' dir='ltr'>est</span> <span class='ocrx_word' id='word_1_75' title='bbox 695 1470 812 1509; x_wconf 90' lang='lat' dir='ltr'>quem</span> <span class='ocrx_word' id='word_1_76' title='bbox 832 1471 908 1509; x_wconf 90' lang='lat' dir='ltr'>que</span> 
     </span>
     <span class='ocr_line' id='line_1_25' title="bbox 470 1512 953 1552; baseline 0.002 -1"><span class='ocrx_word' id='word_1_77' title='bbox 470 1519 558 1551; x_wconf 90' lang='lat' dir='ltr'>runt</span> <span class='ocrx_word' id='word_1_78' title='bbox 577 1512 754 1551; x_wconf 92' lang='lat' dir='ltr'>occidere</span> <span class='ocrx_word' id='word_1_79' title='bbox 773 1513 844 1552; x_wconf 78' lang='lat' dir='ltr'>²⁶et</span> <span class='ocrx_word' id='word_1_80' title='bbox 863 1525 953 1552; x_wconf 92' lang='lat' dir='ltr'>ecce</span> 
     </span>
     <span class='ocr_line' id='line_1_26' title="bbox 468 1567 842 1618; baseline 0.003 -13"><span class='ocrx_word' id='word_1_81' title='bbox 468 1567 597 1618; x_wconf 84' lang='lat' dir='ltr'>palam</span> <span class='ocrx_word' id='word_1_82' title='bbox 617 1567 784 1618; x_wconf 89' lang='lat' dir='ltr'>loquitur</span> <span class='ocrx_word' id='word_1_83' title='bbox 803 1574 842 1606; x_wconf 92' lang='lat' dir='ltr'>et</span> 
     </span>
    </p>
   </div>
   <div class='ocr_carea' id='block_1_2' title="bbox 468 1696 973 2982">
    <p class='ocr_par' dir='ltr' id='par_1_7' title="bbox 469 1696 886 1857">
     <span class='ocr_line' id='line_1_27' title="bbox 470 1696 878 1737; baseline 0.002 -2"><span class='ocrx_word' id='word_1_84' title='bbox 470 1696 577 1736; x_wconf 92' lang='lat' dir='ltr'>Nihil</span> <span class='ocrx_word' id='word_1_85' title='bbox 597 1697 728 1737; x_wconf 87' lang='lat' dir='ltr'>dicunt</span> <span class='ocrx_word' id='word_1_86' title='bbox 782 1710 878 1736; x_wconf 92' lang='lat' dir='ltr'>num</span> 
     </span>
     <span class='ocr_line' id='line_1_28' title="bbox 469 1752 886 1803; baseline 0.002 -13"><span class='ocrx_word' id='word_1_87' title='bbox 469 1752 564 1803; x_wconf 91' lang='lat' dir='ltr'>quid</span> <span class='ocrx_word' id='word_1_88' title='bbox 583 1752 680 1791; x_wconf 85' lang='lat' dir='ltr'>sorte</span> <span class='ocrx_word' id='word_1_89' title='bbox 699 1764 790 1791; x_wconf 88' lang='lat' dir='ltr'>uere</span> <span class='ocrx_word' id='word_1_90' title='bbox 809 1764 886 1803; x_wconf 89' lang='lat' dir='ltr'>cog</span> 
     </span>
     <span class='ocr_line' id='line_1_29' title="bbox 469 1806 860 1857; baseline -0.003 -12"><span class='ocrx_word' id='word_1_91' title='bbox 469 1812 660 1846; x_wconf 83' lang='lat' dir='ltr'>nonerunt</span> <span class='ocrx_word' id='word_1_92' title='bbox 678 1806 860 1857; x_wconf 90' lang='lat' dir='ltr'>principis</span> 
     </span>
    </p>

    <p class='ocr_par' dir='ltr' id='par_1_8' title="bbox 469 1860 971 1954">
     <span class='ocr_line' id='line_1_30' title="bbox 469 1860 971 1912; baseline 0 -13"><span class='ocrx_word' id='word_1_93' title='bbox 469 1861 559 1912; x_wconf 88' lang='lat' dir='ltr'>quia</span> <span class='ocrx_word' id='word_1_94' title='bbox 578 1861 640 1899; x_wconf 90' lang='lat' dir='ltr'>hic</span> <span class='ocrx_word' id='word_1_95' title='bbox 659 1868 716 1899; x_wconf 93' lang='lat' dir='ltr'>est</span> <span class='ocrx_word' id='word_1_96' title='bbox 735 1865 809 1911; x_wconf 77' lang='lat' dir='ltr'>xps</span> <span class='ocrx_word' id='word_1_97' title='bbox 865 1860 971 1899; x_wconf 76' lang='lat' dir='ltr'>²⁷sed</span> 
     </span>
     <span class='ocr_line' id='line_1_31' title="bbox 469 1915 857 1954; baseline 0.003 -1"><span class='ocrx_word' id='word_1_98' title='bbox 469 1916 572 1953; x_wconf 91' lang='lat' dir='ltr'>hunc</span> <span class='ocrx_word' id='word_1_99' title='bbox 592 1916 735 1954; x_wconf 90' lang='lat' dir='ltr'>scimus</span> <span class='ocrx_word' id='word_1_100' title='bbox 754 1915 857 1954; x_wconf 90' lang='lat' dir='ltr'>unde</span> 
     </span>
    </p>

    <p class='ocr_par' dir='ltr' id='par_1_9' title="bbox 468 1969 936 2062">
     <span class='ocr_line' id='line_1_32' title="bbox 468 1969 936 2019; baseline 0.002 -12"><span class='ocrx_word' id='word_1_101' title='bbox 468 1969 515 2007; x_wconf 90' lang='lat' dir='ltr'>sit</span> <span class='ocrx_word' id='word_1_102' title='bbox 535 1972 608 2019; x_wconf 75' lang='lat' dir='ltr'>xps</span> <span class='ocrx_word' id='word_1_103' title='bbox 627 1975 756 2008; x_wconf 90' lang='lat' dir='ltr'>autem</span> <span class='ocrx_word' id='word_1_104' title='bbox 776 1981 865 2008; x_wconf 90' lang='lat' dir='ltr'>cum</span> <span class='ocrx_word' id='word_1_105' title='bbox 885 1981 936 2008; x_wconf 92' lang='lat' dir='ltr'>ue</span> 
     </span>
     <span class='ocr_line' id='line_1_33' title="bbox 469 2024 868 2062; baseline 0 -1"><span class='ocrx_word' id='word_1_106' title='bbox 469 2024 569 2062; x_wconf 86' lang='lat' dir='ltr'>nerit</span> <span class='ocrx_word' id='word_1_107' title='bbox 586 2035 703 2062; x_wconf 90' lang='lat' dir='ltr'>nemo</span> <span class='ocrx_word' id='word_1_108' title='bbox 722 2024 793 2062; x_wconf 90' lang='lat' dir='ltr'>scit</span> <span class='ocrx_word' id='word_1_109' title='bbox 812 2035 868 2061; x_wconf 90' lang='lat' dir='ltr'>un</span> 
     </span>
    </p>

    <p class='ocr_par' dir='ltr' id='par_1_10' title="bbox 469 2077 917 2343">
     <span class='ocr_line' id='line_1_34' title="bbox 470 2077 917 2116; baseline 0.002 -1"><span class='ocrx_word' id='word_1_110' title='bbox 470 2078 519 2115; x_wconf 93' lang='lat' dir='ltr'>de</span> <span class='ocrx_word' id='word_1_111' title='bbox 539 2078 588 2116; x_wconf 91' lang='lat' dir='ltr'>sit</span> <span class='ocrx_word' id='word_1_112' title='bbox 758 2077 917 2116; x_wconf 70' lang='lat' dir='ltr'>²⁸ciama</span> 
     </span>
     <span class='ocr_line' id='line_1_35' title="bbox 469 2131 911 2182; baseline 0.002 -13"><span class='ocrx_word' id='word_1_113' title='bbox 469 2132 537 2169; x_wconf 91' lang='lat' dir='ltr'>bat</span> <span class='ocrx_word' id='word_1_114' title='bbox 555 2137 685 2170; x_wconf 89' lang='lat' dir='ltr'>autem</span> <span class='ocrx_word' id='word_1_115' title='bbox 705 2131 745 2169; x_wconf 92' lang='lat' dir='ltr'>in</span> <span class='ocrx_word' id='word_1_116' title='bbox 764 2132 911 2182; x_wconf 89' lang='lat' dir='ltr'>templo</span> 
     </span>
     <span class='ocr_line' id='line_1_36' title="bbox 469 2185 917 2224; baseline 0.002 -1"><span class='ocrx_word' id='word_1_117' title='bbox 469 2186 530 2223; x_wconf 82' lang='lat' dir='ltr'>ihs</span> <span class='ocrx_word' id='word_1_118' title='bbox 550 2185 682 2224; x_wconf 92' lang='lat' dir='ltr'>dicens</span> <span class='ocrx_word' id='word_1_119' title='bbox 701 2192 739 2224; x_wconf 93' lang='lat' dir='ltr'>et</span> <span class='ocrx_word' id='word_1_120' title='bbox 756 2197 820 2224; x_wconf 88' lang='lat' dir='ltr'>me</span> <span class='ocrx_word' id='word_1_121' title='bbox 843 2198 917 2224; x_wconf 85' lang='lat' dir='ltr'>nos</span> 
     </span>
     <span class='ocr_line' id='line_1_37' title="bbox 469 2239 916 2278; baseline 0 0"><span class='ocrx_word' id='word_1_122' title='bbox 469 2240 519 2278; x_wconf 89' lang='lat' dir='ltr'>tis</span> <span class='ocrx_word' id='word_1_123' title='bbox 538 2246 576 2278; x_wconf 91' lang='lat' dir='ltr'>et</span> <span class='ocrx_word' id='word_1_124' title='bbox 596 2239 700 2278; x_wconf 82' lang='lat' dir='ltr'>scitis</span> <span class='ocrx_word' id='word_1_125' title='bbox 718 2239 823 2278; x_wconf 90' lang='lat' dir='ltr'>unde</span> <span class='ocrx_word' id='word_1_126' title='bbox 843 2240 916 2278; x_wconf 88' lang='lat' dir='ltr'>sim</span> 
     </span>
     <span class='ocr_line' id='line_1_38' title="bbox 470 2294 908 2343; baseline 0.002 -11"><span class='ocrx_word' id='word_1_127' title='bbox 470 2301 508 2332; x_wconf 92' lang='lat' dir='ltr'>et</span> <span class='ocrx_word' id='word_1_128' title='bbox 527 2306 550 2332; x_wconf 89' lang='lat' dir='ltr'>a</span> <span class='ocrx_word' id='word_1_129' title='bbox 568 2305 632 2332; x_wconf 88' lang='lat' dir='ltr'>me</span> <span class='ocrx_word' id='word_1_130' title='bbox 651 2294 737 2343; x_wconf 90' lang='lat' dir='ltr'>ipso</span> <span class='ocrx_word' id='word_1_131' title='bbox 756 2306 838 2332; x_wconf 90' lang='lat' dir='ltr'>non</span> <span class='ocrx_word' id='word_1_132' title='bbox 857 2305 908 2333; x_wconf 90' lang='lat' dir='ltr'>ue</span> 
     </span>
    </p>

    <p class='ocr_par' dir='ltr' id='par_1_11' title="bbox 469 2347 973 2657">
     <span class='ocr_line' id='line_1_39' title="bbox 470 2347 894 2399; baseline 0.002 -14"><span class='ocrx_word' id='word_1_133' title='bbox 470 2348 511 2386; x_wconf 91' lang='lat' dir='ltr'>ni</span> <span class='ocrx_word' id='word_1_134' title='bbox 531 2347 599 2387; x_wconf 90' lang='lat' dir='ltr'>sed</span> <span class='ocrx_word' id='word_1_135' title='bbox 618 2354 676 2387; x_wconf 92' lang='lat' dir='ltr'>est</span> <span class='ocrx_word' id='word_1_136' title='bbox 693 2360 808 2387; x_wconf 88' lang='lat' dir='ltr'>uerus</span> <span class='ocrx_word' id='word_1_137' title='bbox 828 2348 894 2399; x_wconf 91' lang='lat' dir='ltr'>qui</span> 
     </span>
     <span class='ocr_line' id='line_1_40' title="bbox 469 2402 891 2453; baseline 0 -13"><span class='ocrx_word' id='word_1_138' title='bbox 469 2414 534 2440; x_wconf 91' lang='lat' dir='ltr'>me</span> <span class='ocrx_word' id='word_1_139' title='bbox 553 2402 658 2441; x_wconf 89' lang='lat' dir='ltr'>misit</span> <span class='ocrx_word' id='word_1_140' title='bbox 772 2414 891 2453; x_wconf 91' lang='lat' dir='ltr'>quem</span> 
     </span>
     <span class='ocr_line' id='line_1_41' title="bbox 470 2456 973 2507; baseline 0.004 -13"><span class='ocrx_word' id='word_1_141' title='bbox 470 2467 543 2495; x_wconf 91' lang='lat' dir='ltr'>uos</span> <span class='ocrx_word' id='word_1_142' title='bbox 565 2468 647 2495; x_wconf 91' lang='lat' dir='ltr'>non</span> <span class='ocrx_word' id='word_1_143' title='bbox 671 2456 773 2495; x_wconf 89' lang='lat' dir='ltr'>scitis</span> <span class='ocrx_word' id='word_1_144' title='bbox 791 2457 821 2479; x_wconf 78' lang='lat'>²⁹</span> <span class='ocrx_word' id='word_1_145' title='bbox 829 2468 903 2507; x_wconf 87' lang='lat' dir='ltr'>ego</span> <span class='ocrx_word' id='word_1_146' title='bbox 922 2468 973 2496; x_wconf 91' lang='lat' dir='ltr'>au</span> 
     </span>
     <span class='ocr_line' id='line_1_42' title="bbox 471 2511 901 2562; baseline 0.005 -14"><span class='ocrx_word' id='word_1_147' title='bbox 471 2518 551 2549; x_wconf 93' lang='lat' dir='ltr'>tem</span> <span class='ocrx_word' id='word_1_148' title='bbox 570 2511 664 2549; x_wconf 89' lang='lat' dir='ltr'>noui</span> <span class='ocrx_word' id='word_1_149' title='bbox 684 2511 789 2549; x_wconf 91' lang='lat' dir='ltr'>illum</span> <span class='ocrx_word' id='word_1_150' title='bbox 809 2511 901 2562; x_wconf 87' lang='lat' dir='ltr'>quia</span> 
     </span>
     <span class='ocr_line' id='line_1_43' title="bbox 471 2565 891 2617; baseline 0.007 -15"><span class='ocrx_word' id='word_1_151' title='bbox 471 2565 522 2602; x_wconf 92' lang='lat' dir='ltr'>ab</span> <span class='ocrx_word' id='word_1_152' title='bbox 539 2565 625 2614; x_wconf 92' lang='lat' dir='ltr'>ipso</span> <span class='ocrx_word' id='word_1_153' title='bbox 644 2576 732 2604; x_wconf 88' lang='lat' dir='ltr'>sum</span> <span class='ocrx_word' id='word_1_154' title='bbox 750 2571 788 2605; x_wconf 92' lang='lat' dir='ltr'>et</span> <span class='ocrx_word' id='word_1_155' title='bbox 807 2566 891 2617; x_wconf 91' lang='lat' dir='ltr'>ipse</span> 
     </span>
     <span class='ocr_line' id='line_1_44' title="bbox 470 2619 658 2657; baseline 0.005 -1"><span class='ocrx_word' id='word_1_156' title='bbox 470 2630 534 2656; x_wconf 88' lang='lat' dir='ltr'>me</span> <span class='ocrx_word' id='word_1_157' title='bbox 553 2619 658 2657; x_wconf 91' lang='lat' dir='ltr'>misit</span> 
     </span>
    </p>

    <p class='ocr_par' dir='ltr' id='par_1_12' title="bbox 471 2671 959 2927">
     <span class='ocr_line' id='line_1_45' title="bbox 471 2671 959 2724; baseline 0.008 -16"><span class='ocrx_word' id='word_1_158' title='bbox 471 2671 736 2718; x_wconf 69' lang='lat' dir='ltr'>⁸‘’Querebant</span> <span class='ocrx_word' id='word_1_159' title='bbox 754 2685 847 2724; x_wconf 88' lang='lat' dir='ltr'>ergo</span> <span class='ocrx_word' id='word_1_160' title='bbox 867 2685 959 2712; x_wconf 91' lang='lat' dir='ltr'>eum</span> 
     </span>
     <span class='ocr_line' id='line_1_46' title="bbox 471 2725 955 2775; baseline 0.006 -11"><span class='ocrx_word' id='word_1_161' title='bbox 471 2725 761 2775; x_wconf 87' lang='lat' dir='ltr'><strong>adprehendere</strong></span> <span class='ocrx_word' id='word_1_162' title='bbox 780 2735 818 2765; x_wconf 91' lang='lat' dir='ltr'>et</span> <span class='ocrx_word' id='word_1_163' title='bbox 836 2739 955 2767; x_wconf 91' lang='lat' dir='ltr'>nemo</span> 
     </span>
     <span class='ocr_line' id='line_1_47' title="bbox 471 2780 890 2819; baseline 0.005 -2"><span class='ocrx_word' id='word_1_164' title='bbox 471 2780 576 2818; x_wconf 90' lang='lat' dir='ltr'>misit</span> <span class='ocrx_word' id='word_1_165' title='bbox 593 2780 633 2817; x_wconf 91' lang='lat' dir='ltr'>in</span> <span class='ocrx_word' id='word_1_166' title='bbox 653 2780 759 2818; x_wconf 86' lang='lat' dir='ltr'>illum</span> <span class='ocrx_word' id='word_1_167' title='bbox 778 2782 890 2819; x_wconf 71' lang='lat' dir='ltr'>anu-</span> 
     </span>
     <span class='ocr_line' id='line_1_48' title="bbox 471 2834 903 2884; baseline 0.005 -13"><span class='ocrx_word' id='word_1_168' title='bbox 471 2845 612 2872; x_wconf 87' lang='lat' dir='ltr'>manus</span> <span class='ocrx_word' id='word_1_169' title='bbox 630 2834 720 2884; x_wconf 90' lang='lat' dir='ltr'>quia</span> <span class='ocrx_word' id='word_1_170' title='bbox 739 2835 903 2873; x_wconf 71' lang='lat' dir='ltr'>nondu-</span> 
     </span>
     <span class='ocr_line' id='line_1_49' title="bbox 471 2887 846 2927; baseline 0.003 -1"><span class='ocrx_word' id='word_1_171' title='bbox 471 2894 632 2926; x_wconf 89' lang='lat' dir='ltr'>uenerat</span> <span class='ocrx_word' id='word_1_172' title='bbox 651 2887 747 2927; x_wconf 90' lang='lat' dir='ltr'>hora</span> <span class='ocrx_word' id='word_1_173' title='bbox 765 2889 846 2927; x_wconf 89' lang='lat' dir='ltr'>eius</span> 
     </span>
    </p>

    <p class='ocr_par' dir='ltr' id='par_1_13' title="bbox 469 2941 972 2982">
     <span class='ocr_line' id='line_1_50' title="bbox 469 2941 972 2982; baseline 0.004 -2"><span class='ocrx_word' id='word_1_174' title='bbox 469 2941 500 2964; x_wconf 83' lang='lat'>⁸¹</span> <span class='ocrx_word' id='word_1_175' title='bbox 509 2941 570 2981; x_wconf 92' lang='lat' dir='ltr'>De</span> <span class='ocrx_word' id='word_1_176' title='bbox 584 2942 696 2981; x_wconf 90' lang='lat' dir='ltr'>turba</span> <span class='ocrx_word' id='word_1_177' title='bbox 714 2949 842 2982; x_wconf 89' lang='lat' dir='ltr'>autem</span> <span class='ocrx_word' id='word_1_178' title='bbox 862 2942 972 2982; x_wconf 88' lang='lat' dir='ltr'>multi</span> 
     </span>
    </p>
   </div>
   <div class='ocr_carea' id='block_1_3' title="bbox 717 188 1276 231">
    <p class='ocr_par' dir='ltr' id='par_1_14' title="bbox 717 188 1276 231">
     <span class='ocr_line' id='line_1_51' title="bbox 717 188 1276 231; baseline 0.007 -4"><span class='ocrx_word' id='word_1_179' title='bbox 717 188 1131 230; x_wconf 82' lang='lat' dir='ltr'><em>EUANGELJUM</em></span> <span class='ocrx_word' id='word_1_180' title='bbox 1163 190 1241 230; x_wconf 90' lang='lat' dir='ltr'>SE</span> <span class='ocrx_word' id='word_1_181' title='bbox 1241 191 1276 231; x_wconf 91' lang='lat' dir='ltr'><em>C</em></span> 
     </span>
    </p>
   </div>
   <div class='ocr_carea' id='block_1_4' title="bbox 1017 322 1446 428">
    <p class='ocr_par' dir='ltr' id='par_1_15' title="bbox 1017 322 1446 428">
     <span class='ocr_line' id='line_1_52' title="bbox 1018 322 1431 362; baseline 0.002 -1"><span class='ocrx_word' id='word_1_182' title='bbox 1018 322 1274 362; x_wconf 92' lang='lat' dir='ltr'>Crediderunt</span> <span class='ocrx_word' id='word_1_183' title='bbox 1293 323 1333 361; x_wconf 91' lang='lat' dir='ltr'>in</span> <span class='ocrx_word' id='word_1_184' title='bbox 1353 331 1431 362; x_wconf 76' lang='lat' dir='ltr'>eu‘</span> 
     </span>
     <span class='ocr_line' id='line_1_53' title="bbox 1017 377 1446 428; baseline 0.002 -12"><span class='ocrx_word' id='word_1_185' title='bbox 1017 384 1055 416; x_wconf 93' lang='lat' dir='ltr'>et</span> <span class='ocrx_word' id='word_1_186' title='bbox 1075 377 1256 416; x_wconf 87' lang='lat' dir='ltr'>dicebant</span> <span class='ocrx_word' id='word_1_187' title='bbox 1274 381 1349 428; x_wconf 74' lang='lat' dir='ltr'>xps</span> <span class='ocrx_word' id='word_1_188' title='bbox 1368 385 1446 417; x_wconf 83' lang='lat' dir='ltr'>cu·</span> 
     </span>
    </p>
   </div>
   <div class='ocr_carea' id='block_1_5' title="bbox 1016 431 1361 516">
    <p class='ocr_par' dir='ltr' id='par_1_16' title="bbox 1016 431 1361 516">
     <span class='ocr_line' id='line_1_54' title="bbox 1016 431 1361 483; baseline 0.006 -15"><span class='ocrx_word' id='word_1_189' title='bbox 1016 431 1163 469; x_wconf 91' lang='lat' dir='ltr'>uenerit</span> <span class='ocrx_word' id='word_1_190' title='bbox 1183 432 1361 483; x_wconf 88' lang='lat' dir='ltr'>numquit</span> 
     </span>
     <span class='ocr_line' id='line_1_55' title="bbox 1102 495 1123 516; baseline 0 0"><span class='ocrx_word' id='word_1_191' title='bbox 1102 495 1123 516; x_wconf 70' lang='lat' dir='ltr'><strong>a</strong></span> 
     </span>
    </p>
   </div>
   <div class='ocr_carea' id='block_1_6' title="bbox 1005 528 1511 1663">
    <p class='ocr_par' dir='ltr' id='par_1_17' title="bbox 1010 528 1490 1011">
     <span class='ocr_line' id='line_1_56' title="bbox 1015 528 1490 582; baseline 0.011 -17"><span class='ocrx_word' id='word_1_192' title='bbox 1015 528 1103 578; x_wconf 91' lang='lat' dir='ltr'>plur</span> <span class='ocrx_word' id='word_1_193' title='bbox 1122 529 1233 579; x_wconf 87' lang='lat' dir='ltr'>signa</span> <span class='ocrx_word' id='word_1_194' title='bbox 1252 528 1365 569; x_wconf 88' lang='lat' dir='ltr'>faciet</span> <span class='ocrx_word' id='word_1_195' title='bbox 1384 537 1490 582; x_wconf 71' lang='lat' dir='ltr'>qua-</span> 
     </span>
     <span class='ocr_line' id='line_1_57' title="bbox 1015 582 1281 633; baseline 0.004 -12"><span class='ocrx_word' id='word_1_196' title='bbox 1015 595 1090 633; x_wconf 90' lang='lat' dir='ltr'>que</span> <span class='ocrx_word' id='word_1_197' title='bbox 1110 582 1171 622; x_wconf 86' lang='lat' dir='ltr'>hic</span> <span class='ocrx_word' id='word_1_198' title='bbox 1190 583 1281 623; x_wconf 88' lang='lat' dir='ltr'>facit</span> 
     </span>
     <span class='ocr_line' id='line_1_58' title="bbox 1013 637 1474 689; baseline 0.002 -13"><span class='ocrx_word' id='word_1_199' title='bbox 1013 637 1265 676; x_wconf 77' lang='lat' dir='ltr'>⁸²Audierunt</span> <span class='ocrx_word' id='word_1_200' title='bbox 1284 650 1378 689; x_wconf 87' lang='lat' dir='ltr'>ergo</span> <span class='ocrx_word' id='word_1_201' title='bbox 1396 637 1474 689; x_wconf 89' lang='lat' dir='ltr'>pha</span> 
     </span>
     <span class='ocr_line' id='line_1_59' title="bbox 1013 692 1377 730; baseline 0.005 -2"><span class='ocrx_word' id='word_1_202' title='bbox 1013 692 1099 729; x_wconf 89' lang='lat' dir='ltr'>risei</span> <span class='ocrx_word' id='word_1_203' title='bbox 1120 693 1270 730; x_wconf 89' lang='lat' dir='ltr'>turbam</span> <span class='ocrx_word' id='word_1_204' title='bbox 1290 704 1377 730; x_wconf 88' lang='lat' dir='ltr'>mur</span> 
     </span>
     <span class='ocr_line' id='line_1_60' title="bbox 1012 747 1396 785; baseline 0.005 -3"><span class='ocrx_word' id='word_1_205' title='bbox 1012 752 1188 784; x_wconf 88' lang='lat' dir='ltr'>murante</span> <span class='ocrx_word' id='word_1_206' title='bbox 1208 747 1254 785; x_wconf 93' lang='lat' dir='ltr'>de</span> <span class='ocrx_word' id='word_1_207' title='bbox 1274 747 1340 784; x_wconf 84' lang='lat' dir='ltr'>illo</span> <span class='ocrx_word' id='word_1_208' title='bbox 1358 753 1396 784; x_wconf 89' lang='lat' dir='ltr'>et</span> 
     </span>
     <span class='ocr_line' id='line_1_61' title="bbox 1012 800 1404 851; baseline 0.008 -15"><span class='ocrx_word' id='word_1_209' title='bbox 1012 800 1201 838; x_wconf 89' lang='lat' dir='ltr'>miserunt</span> <span class='ocrx_word' id='word_1_210' title='bbox 1220 801 1404 851; x_wconf 89' lang='lat' dir='ltr'>principis</span> 
     </span>
     <span class='ocr_line' id='line_1_62' title="bbox 1012 854 1414 905; baseline 0.005 -14"><span class='ocrx_word' id='word_1_211' title='bbox 1012 854 1258 893; x_wconf 88' lang='lat' dir='ltr'>sacerdotum</span> <span class='ocrx_word' id='word_1_212' title='bbox 1277 862 1314 893; x_wconf 95' lang='lat' dir='ltr'>et</span> <span class='ocrx_word' id='word_1_213' title='bbox 1334 855 1414 905; x_wconf 91' lang='lat' dir='ltr'>pha</span> 
     </span>
     <span class='ocr_line' id='line_1_63' title="bbox 1011 908 1398 948; baseline 0.008 -3"><span class='ocrx_word' id='word_1_214' title='bbox 1011 908 1121 946; x_wconf 89' lang='lat' dir='ltr'>risaei</span> <span class='ocrx_word' id='word_1_215' title='bbox 1142 908 1337 947; x_wconf 87' lang='lat' dir='ltr'>ministros</span> <span class='ocrx_word' id='word_1_216' title='bbox 1356 916 1398 948; x_wconf 91' lang='lat' dir='ltr'>ut</span> 
     </span>
     <span class='ocr_line' id='line_1_64' title="bbox 1010 962 1359 1011; baseline 0.006 -12"><span class='ocrx_word' id='word_1_217' title='bbox 1010 962 1314 1011; x_wconf 88' lang='lat' dir='ltr'>adprehenderet</span> <span class='ocrx_word' id='word_1_218' title='bbox 1334 963 1359 1001; x_wconf 88' lang='lat' dir='ltr'>il</span> 
     </span>
    </p>

    <p class='ocr_par' dir='ltr' id='par_1_18' title="bbox 1010 1015 1091 1053">
     <span class='ocr_line' id='line_1_65' title="bbox 1010 1015 1091 1053; baseline 0 0"><span class='ocrx_word' id='word_1_219' title='bbox 1010 1015 1091 1053; x_wconf 89' lang='lat' dir='ltr'>lum</span> 
     </span>
    </p>

    <p class='ocr_par' dir='ltr' id='par_1_19' title="bbox 1006 1068 1511 1542">
     <span class='ocr_line' id='line_1_66' title="bbox 1008 1068 1511 1111; baseline 0.01 -5"><span class='ocrx_word' id='word_1_220' title='bbox 1008 1068 1038 1091; x_wconf 81' lang='lat'>⁸⁸</span> <span class='ocrx_word' id='word_1_221' title='bbox 1046 1069 1154 1108; x_wconf 88' lang='lat' dir='ltr'>Dixit</span> <span class='ocrx_word' id='word_1_222' title='bbox 1169 1077 1298 1109; x_wconf 90' lang='lat' dir='ltr'>autem</span> <span class='ocrx_word' id='word_1_223' title='bbox 1311 1070 1370 1109; x_wconf 82' lang='lat' dir='ltr'>ihs</span> <span class='ocrx_word' id='word_1_224' title='bbox 1383 1070 1511 1111; x_wconf 87' lang='lat' dir='ltr'>adhuc</span> 
     </span>
     <span class='ocr_line' id='line_1_67' title="bbox 1009 1125 1380 1173; baseline 0.005 -12"><span class='ocrx_word' id='word_1_225' title='bbox 1009 1130 1162 1173; x_wconf 90' lang='lat' dir='ltr'>tempus</span> <span class='ocrx_word' id='word_1_226' title='bbox 1182 1125 1380 1164; x_wconf 90' lang='lat' dir='ltr'>modicum</span> 
     </span>
     <span class='ocr_line' id='line_1_68' title="bbox 1008 1178 1377 1218; baseline 0.005 -2"><span class='ocrx_word' id='word_1_227' title='bbox 1008 1178 1211 1217; x_wconf 90' lang='lat' dir='ltr'>uobiscum</span> <span class='ocrx_word' id='word_1_228' title='bbox 1232 1191 1318 1217; x_wconf 90' lang='lat' dir='ltr'>sum</span> <span class='ocrx_word' id='word_1_229' title='bbox 1338 1185 1377 1218; x_wconf 91' lang='lat' dir='ltr'>et</span> 
     </span>
     <span class='ocr_line' id='line_1_69' title="bbox 1008 1232 1397 1284; baseline 0.005 -14"><span class='ocrx_word' id='word_1_230' title='bbox 1008 1232 1112 1270; x_wconf 88' lang='lat' dir='ltr'>uado</span> <span class='ocrx_word' id='word_1_231' title='bbox 1132 1234 1183 1271; x_wconf 88' lang='lat' dir='ltr'>ad</span> <span class='ocrx_word' id='word_1_232' title='bbox 1203 1233 1311 1272; x_wconf 91' lang='lat' dir='ltr'>illum</span> <span class='ocrx_word' id='word_1_233' title='bbox 1331 1234 1397 1284; x_wconf 92' lang='lat' dir='ltr'>qui</span> 
     </span>
     <span class='ocr_line' id='line_1_70' title="bbox 1007 1286 1456 1338; baseline 0.009 -15"><span class='ocrx_word' id='word_1_234' title='bbox 1007 1286 1111 1325; x_wconf 86' lang='lat' dir='ltr'>misit</span> <span class='ocrx_word' id='word_1_235' title='bbox 1130 1299 1193 1326; x_wconf 91' lang='lat' dir='ltr'>me</span> <span class='ocrx_word' id='word_1_236' title='bbox 1313 1288 1456 1338; x_wconf 80' lang='lat' dir='ltr'>8⁴queri</span> 
     </span>
     <span class='ocr_line' id='line_1_71' title="bbox 1008 1341 1405 1380; baseline 0.005 -2"><span class='ocrx_word' id='word_1_237' title='bbox 1008 1341 1056 1378; x_wconf 93' lang='lat' dir='ltr'>tis</span> <span class='ocrx_word' id='word_1_238' title='bbox 1076 1353 1138 1379; x_wconf 93' lang='lat' dir='ltr'>me</span> <span class='ocrx_word' id='word_1_239' title='bbox 1158 1348 1196 1379; x_wconf 95' lang='lat' dir='ltr'>et</span> <span class='ocrx_word' id='word_1_240' title='bbox 1216 1353 1296 1380; x_wconf 90' lang='lat' dir='ltr'>non</span> <span class='ocrx_word' id='word_1_241' title='bbox 1315 1342 1405 1380; x_wconf 89' lang='lat' dir='ltr'>inue</span> 
     </span>
     <span class='ocr_line' id='line_1_72' title="bbox 1007 1395 1459 1447; baseline 0.009 -15"><span class='ocrx_word' id='word_1_242' title='bbox 1007 1395 1119 1433; x_wconf 90' lang='lat' dir='ltr'>nietis</span> <span class='ocrx_word' id='word_1_243' title='bbox 1138 1402 1175 1433; x_wconf 93' lang='lat' dir='ltr'>et</span> <span class='ocrx_word' id='word_1_244' title='bbox 1195 1396 1260 1433; x_wconf 92' lang='lat' dir='ltr'>ubi</span> <span class='ocrx_word' id='word_1_245' title='bbox 1279 1408 1364 1434; x_wconf 89' lang='lat' dir='ltr'>sum</span> <span class='ocrx_word' id='word_1_246' title='bbox 1384 1409 1459 1447; x_wconf 88' lang='lat' dir='ltr'>ego</span> 
     </span>
     <span class='ocr_line' id='line_1_73' title="bbox 1007 1451 1430 1500; baseline 0.009 -14"><span class='ocrx_word' id='word_1_247' title='bbox 1007 1460 1080 1487; x_wconf 89' lang='lat' dir='ltr'>uos</span> <span class='ocrx_word' id='word_1_248' title='bbox 1099 1461 1180 1488; x_wconf 93' lang='lat' dir='ltr'>non</span> <span class='ocrx_word' id='word_1_249' title='bbox 1201 1451 1361 1500; x_wconf 90' lang='lat' dir='ltr'>potestis</span> <span class='ocrx_word' id='word_1_250' title='bbox 1380 1462 1430 1490; x_wconf 91' lang='lat' dir='ltr'>ue</span> 
     </span>
     <span class='ocr_line' id='line_1_74' title="bbox 1006 1515 1087 1542; baseline 0.025 -2"><span class='ocrx_word' id='word_1_251' title='bbox 1006 1515 1087 1542; x_wconf 89' lang='lat' dir='ltr'>mre</span> 
     </span>
    </p>

    <p class='ocr_par' dir='ltr' id='par_1_20' title="bbox 1005 1556 1466 1663">
     <span class='ocr_line' id='line_1_75' title="bbox 1006 1556 1466 1608; baseline 0.007 -13"><span class='ocrx_word' id='word_1_252' title='bbox 1006 1557 1036 1578; x_wconf 74' lang='lat'>³⁶</span> <span class='ocrx_word' id='word_1_253' title='bbox 1043 1556 1234 1596; x_wconf 87' lang='lat' dir='ltr'>Dixerunt</span> <span class='ocrx_word' id='word_1_254' title='bbox 1252 1570 1345 1608; x_wconf 88' lang='lat' dir='ltr'>ergo</span> <span class='ocrx_word' id='word_1_255' title='bbox 1365 1557 1466 1598; x_wconf 86' lang='lat' dir='ltr'>iudei</span> 
     </span>
     <span class='ocr_line' id='line_1_76' title="bbox 1005 1612 1434 1663; baseline 0.005 -13"><span class='ocrx_word' id='word_1_256' title='bbox 1005 1612 1056 1650; x_wconf 92' lang='lat' dir='ltr'>ad</span> <span class='ocrx_word' id='word_1_257' title='bbox 1076 1612 1180 1663; x_wconf 91' lang='lat' dir='ltr'>ipsos</span> <span class='ocrx_word' id='word_1_258' title='bbox 1200 1624 1280 1663; x_wconf 93' lang='lat' dir='ltr'>quo</span> <span class='ocrx_word' id='word_1_259' title='bbox 1298 1613 1360 1652; x_wconf 94' lang='lat' dir='ltr'>hic</span> <span class='ocrx_word' id='word_1_260' title='bbox 1379 1613 1434 1652; x_wconf 91' lang='lat' dir='ltr'>itu</span> 
     </span>
    </p>
   </div>
   <div class='ocr_carea' id='block_1_7' title="bbox 1004 1697 1507 2996">
    <p class='ocr_par' dir='ltr' id='par_1_21' title="bbox 1004 1697 1416 1966">
     <span class='ocr_line' id='line_1_77' title="bbox 1006 1697 1416 1750; baseline 0.005 -14"><span class='ocrx_word' id='word_1_261' title='bbox 1006 1697 1091 1737; x_wconf 89' lang='lat' dir='ltr'>Rus</span> <span class='ocrx_word' id='word_1_262' title='bbox 1110 1704 1170 1737; x_wconf 91' lang='lat' dir='ltr'>est</span> <span class='ocrx_word' id='word_1_263' title='bbox 1225 1699 1315 1750; x_wconf 86' lang='lat' dir='ltr'>quia</span> <span class='ocrx_word' id='word_1_264' title='bbox 1334 1711 1416 1738; x_wconf 90' lang='lat' dir='ltr'>non</span> 
     </span>
     <span class='ocr_line' id='line_1_78' title="bbox 1004 1753 1356 1792; baseline 0 -1"><span class='ocrx_word' id='word_1_265' title='bbox 1004 1753 1247 1792; x_wconf 89' lang='lat' dir='ltr'>inueniemus</span> <span class='ocrx_word' id='word_1_266' title='bbox 1266 1766 1356 1792; x_wconf 89' lang='lat' dir='ltr'>eum</span> 
     </span>
     <span class='ocr_line' id='line_1_79' title="bbox 1004 1807 1399 1858; baseline 0.003 -13"><span class='ocrx_word' id='word_1_267' title='bbox 1004 1807 1191 1858; x_wconf 90' lang='lat' dir='ltr'>numquid</span> <span class='ocrx_word' id='word_1_268' title='bbox 1210 1808 1250 1846; x_wconf 91' lang='lat' dir='ltr'>in</span> <span class='ocrx_word' id='word_1_269' title='bbox 1269 1808 1399 1858; x_wconf 88' lang='lat' dir='ltr'>disper</span> 
     </span>
     <span class='ocr_line' id='line_1_80' title="bbox 1005 1863 1379 1912; baseline 0 -12"><span class='ocrx_word' id='word_1_270' title='bbox 1005 1863 1154 1900; x_wconf 91' lang='lat' dir='ltr'>sionem</span> <span class='ocrx_word' id='word_1_271' title='bbox 1175 1874 1379 1912; x_wconf 88' lang='lat' dir='ltr'>grecorum</span> 
     </span>
     <span class='ocr_line' id='line_1_81' title="bbox 1005 1916 1411 1966; baseline 0.005 -12"><span class='ocrx_word' id='word_1_272' title='bbox 1005 1916 1140 1966; x_wconf 88' lang='lat' dir='ltr'>incipit</span> <span class='ocrx_word' id='word_1_273' title='bbox 1158 1916 1236 1955; x_wconf 90' lang='lat' dir='ltr'>irae</span> <span class='ocrx_word' id='word_1_274' title='bbox 1254 1923 1292 1955; x_wconf 93' lang='lat' dir='ltr'>et</span> <span class='ocrx_word' id='word_1_275' title='bbox 1312 1917 1411 1956; x_wconf 92' lang='lat' dir='ltr'>doce</span> 
     </span>
    </p>

    <p class='ocr_par' dir='ltr' id='par_1_22' title="bbox 1004 1970 1477 2280">
     <span class='ocr_line' id='line_1_82' title="bbox 1007 1970 1453 2021; baseline 0.002 -13"><span class='ocrx_word' id='word_1_276' title='bbox 1007 1983 1047 2009; x_wconf 90' lang='lat' dir='ltr'>re</span> <span class='ocrx_word' id='word_1_277' title='bbox 1066 1982 1204 2021; x_wconf 90' lang='lat' dir='ltr'>grecos</span> <span class='ocrx_word' id='word_1_278' title='bbox 1330 1970 1453 2021; x_wconf 62' lang='lat' dir='ltr'>”quis</span> 
     </span>
     <span class='ocr_line' id='line_1_83' title="bbox 1006 2024 1477 2075; baseline 0.004 -13"><span class='ocrx_word' id='word_1_279' title='bbox 1006 2031 1063 2062; x_wconf 91' lang='lat' dir='ltr'>est</span> <span class='ocrx_word' id='word_1_280' title='bbox 1082 2024 1145 2063; x_wconf 92' lang='lat' dir='ltr'>hic</span> <span class='ocrx_word' id='word_1_281' title='bbox 1164 2036 1292 2063; x_wconf 90' lang='lat' dir='ltr'>sermo</span> <span class='ocrx_word' id='word_1_282' title='bbox 1371 2033 1477 2075; x_wconf 77' lang='lat' dir='ltr'>que·</span> 
     </span>
     <span class='ocr_line' id='line_1_84' title="bbox 1007 2078 1415 2129; baseline 0.002 -12"><span class='ocrx_word' id='word_1_283' title='bbox 1007 2078 1100 2117; x_wconf 87' lang='lat' dir='ltr'>dixit</span> <span class='ocrx_word' id='word_1_284' title='bbox 1118 2079 1276 2129; x_wconf 87' lang='lat' dir='ltr'>queritis</span> <span class='ocrx_word' id='word_1_285' title='bbox 1295 2091 1359 2118; x_wconf 90' lang='lat' dir='ltr'>me</span> <span class='ocrx_word' id='word_1_286' title='bbox 1377 2085 1415 2118; x_wconf 94' lang='lat' dir='ltr'>et</span> 
     </span>
     <span class='ocr_line' id='line_1_85' title="bbox 1006 2133 1428 2172; baseline 0.005 -2"><span class='ocrx_word' id='word_1_287' title='bbox 1006 2144 1088 2171; x_wconf 88' lang='lat' dir='ltr'>non</span> <span class='ocrx_word' id='word_1_288' title='bbox 1108 2134 1288 2171; x_wconf 90' lang='lat' dir='ltr'>inuenitis</span> <span class='ocrx_word' id='word_1_289' title='bbox 1306 2140 1343 2172; x_wconf 91' lang='lat' dir='ltr'>et</span> <span class='ocrx_word' id='word_1_290' title='bbox 1361 2133 1428 2172; x_wconf 87' lang='lat' dir='ltr'>ubi</span> 
     </span>
     <span class='ocr_line' id='line_1_86' title="bbox 1004 2199 1448 2239; baseline 0.005 -14"><span class='ocrx_word' id='word_1_291' title='bbox 1004 2199 1079 2236; x_wconf 86' lang='lat' dir='ltr'>ego</span> <span class='ocrx_word' id='word_1_292' title='bbox 1099 2199 1184 2225; x_wconf 91' lang='lat' dir='ltr'>sum</span> <span class='ocrx_word' id='word_1_293' title='bbox 1205 2199 1276 2226; x_wconf 92' lang='lat' dir='ltr'>uos</span> <span class='ocrx_word' id='word_1_294' title='bbox 1295 2200 1376 2227; x_wconf 91' lang='lat' dir='ltr'>non</span> <span class='ocrx_word' id='word_1_295' title='bbox 1395 2200 1448 2239; x_wconf 91' lang='lat' dir='ltr'>po</span> 
     </span>
     <span class='ocr_line' id='line_1_87' title="bbox 1004 2241 1263 2280; baseline 0 -1"><span class='ocrx_word' id='word_1_296' title='bbox 1004 2241 1111 2279; x_wconf 88' lang='lat' dir='ltr'>testis</span> <span class='ocrx_word' id='word_1_297' title='bbox 1129 2242 1263 2280; x_wconf 90' lang='lat' dir='ltr'>uenire</span> 
     </span>
    </p>

    <p class='ocr_par' dir='ltr' id='par_1_23' title="bbox 1005 2295 1507 2821">
     <span class='ocr_line' id='line_1_88' title="bbox 1007 2295 1507 2334; baseline 0.008 -4"><span class='ocrx_word' id='word_1_298' title='bbox 1007 2295 1091 2331; x_wconf 76' lang='lat' dir='ltr'>xtJ⁸⁷</span> <span class='ocrx_word' id='word_1_299' title='bbox 1110 2295 1160 2333; x_wconf 91' lang='lat' dir='ltr'>In</span> <span class='ocrx_word' id='word_1_300' title='bbox 1175 2295 1373 2334; x_wconf 82' lang='lat' dir='ltr'>nouissimo</span> <span class='ocrx_word' id='word_1_301' title='bbox 1386 2299 1507 2334; x_wconf 83' lang='lat' dir='ltr'>autem</span> 
     </span>
     <span class='ocr_line' id='line_1_89' title="bbox 1006 2349 1411 2399; baseline 0.002 -12"><span class='ocrx_word' id='word_1_302' title='bbox 1006 2349 1068 2387; x_wconf 94' lang='lat' dir='ltr'>die</span> <span class='ocrx_word' id='word_1_303' title='bbox 1088 2349 1151 2387; x_wconf 95' lang='lat' dir='ltr'>illo</span> <span class='ocrx_word' id='word_1_304' title='bbox 1170 2361 1316 2399; x_wconf 89' lang='lat' dir='ltr'>magno</span> <span class='ocrx_word' id='word_1_305' title='bbox 1335 2350 1411 2388; x_wconf 89' lang='lat' dir='ltr'>diei</span> 
     </span>
     <span class='ocr_line' id='line_1_90' title="bbox 1006 2402 1448 2443; baseline 0.002 -2"><span class='ocrx_word' id='word_1_306' title='bbox 1006 2402 1092 2441; x_wconf 88' lang='lat' dir='ltr'>festi</span> <span class='ocrx_word' id='word_1_307' title='bbox 1111 2404 1233 2441; x_wconf 87' lang='lat' dir='ltr'>stabat</span> <span class='ocrx_word' id='word_1_308' title='bbox 1252 2403 1311 2441; x_wconf 80' lang='lat' dir='ltr'>ihs</span> <span class='ocrx_word' id='word_1_309' title='bbox 1330 2410 1368 2443; x_wconf 91' lang='lat' dir='ltr'>et</span> <span class='ocrx_word' id='word_1_310' title='bbox 1388 2403 1448 2442; x_wconf 87' lang='lat' dir='ltr'>cla</span> 
     </span>
     <span class='ocr_line' id='line_1_91' title="bbox 1006 2457 1507 2508; baseline 0.004 -13"><span class='ocrx_word' id='word_1_311' title='bbox 1006 2457 1139 2495; x_wconf 87' lang='lat' dir='ltr'>mabat</span> <span class='ocrx_word' id='word_1_312' title='bbox 1158 2457 1291 2496; x_wconf 92' lang='lat' dir='ltr'>dicens</span> <span class='ocrx_word' id='word_1_313' title='bbox 1370 2458 1401 2496; x_wconf 92' lang='lat' dir='ltr'>si</span> <span class='ocrx_word' id='word_1_314' title='bbox 1420 2457 1507 2508; x_wconf 86' lang='lat' dir='ltr'>quis</span> 
     </span>
     <span class='ocr_line' id='line_1_92' title="bbox 1006 2511 1439 2563; baseline 0.002 -14"><span class='ocrx_word' id='word_1_315' title='bbox 1006 2512 1083 2550; x_wconf 87' lang='lat' dir='ltr'>sitit</span> <span class='ocrx_word' id='word_1_316' title='bbox 1101 2511 1231 2550; x_wconf 90' lang='lat' dir='ltr'>ueniat</span> <span class='ocrx_word' id='word_1_317' title='bbox 1251 2511 1300 2549; x_wconf 89' lang='lat' dir='ltr'>ad</span> <span class='ocrx_word' id='word_1_318' title='bbox 1319 2523 1382 2563; x_wconf 78' lang='lat' dir='ltr'>me</span> <span class='ocrx_word' id='word_1_319' title='bbox 1401 2518 1439 2550; x_wconf 90' lang='lat' dir='ltr'>et</span> 
     </span>
     <span class='ocr_line' id='line_1_93' title="bbox 1005 2565 1453 2615; baseline 0.004 -12"><span class='ocrx_word' id='word_1_320' title='bbox 1005 2566 1112 2604; x_wconf 90' lang='lat' dir='ltr'>bibat</span> <span class='ocrx_word' id='word_1_321' title='bbox 1212 2565 1313 2615; x_wconf 82' lang='lat' dir='ltr'>³⁸qui</span> <span class='ocrx_word' id='word_1_322' title='bbox 1333 2566 1453 2605; x_wconf 89' lang='lat' dir='ltr'>credit</span> 
     </span>
     <span class='ocr_line' id='line_1_94' title="bbox 1006 2619 1477 2671; baseline 0.002 -13"><span class='ocrx_word' id='word_1_323' title='bbox 1006 2619 1046 2658; x_wconf 89' lang='lat' dir='ltr'>in</span> <span class='ocrx_word' id='word_1_324' title='bbox 1065 2631 1128 2658; x_wconf 89' lang='lat' dir='ltr'>me</span> <span class='ocrx_word' id='word_1_325' title='bbox 1148 2619 1244 2658; x_wconf 89' lang='lat' dir='ltr'>sicut</span> <span class='ocrx_word' id='word_1_326' title='bbox 1262 2620 1358 2658; x_wconf 84' lang='lat' dir='ltr'>dixit</span> <span class='ocrx_word' id='word_1_327' title='bbox 1376 2621 1477 2671; x_wconf 88' lang='lat' dir='ltr'>scrip</span> 
     </span>
     <span class='ocr_line' id='line_1_95' title="bbox 1006 2674 1438 2713; baseline 0.002 -1"><span class='ocrx_word' id='word_1_328' title='bbox 1006 2680 1093 2712; x_wconf 91' lang='lat' dir='ltr'>tura</span> <span class='ocrx_word' id='word_1_329' title='bbox 1112 2674 1273 2712; x_wconf 89' lang='lat' dir='ltr'>flumina</span> <span class='ocrx_word' id='word_1_330' title='bbox 1292 2674 1340 2712; x_wconf 93' lang='lat' dir='ltr'>de</span> <span class='ocrx_word' id='word_1_331' title='bbox 1360 2685 1438 2713; x_wconf 92' lang='lat' dir='ltr'>uen</span> 
     </span>
     <span class='ocr_line' id='line_1_96' title="bbox 1006 2727 1423 2780; baseline 0.002 -13"><span class='ocrx_word' id='word_1_332' title='bbox 1006 2735 1062 2767; x_wconf 93' lang='lat' dir='ltr'>tre</span> <span class='ocrx_word' id='word_1_333' title='bbox 1081 2728 1162 2767; x_wconf 90' lang='lat' dir='ltr'>eius</span> <span class='ocrx_word' id='word_1_334' title='bbox 1182 2727 1303 2767; x_wconf 90' lang='lat' dir='ltr'>fluent</span> <span class='ocrx_word' id='word_1_335' title='bbox 1321 2741 1423 2780; x_wconf 89' lang='lat' dir='ltr'>aque</span> 
     </span>
     <span class='ocr_line' id='line_1_97' title="bbox 1005 2783 1118 2821; baseline 0.009 -1"><span class='ocrx_word' id='word_1_336' title='bbox 1005 2783 1118 2821; x_wconf 89' lang='lat' dir='ltr'>uiuae</span> 
     </span>
    </p>

    <p class='ocr_par' dir='ltr' id='par_1_24' title="bbox 1005 2836 1470 2996">
     <span class='ocr_line' id='line_1_98' title="bbox 1005 2836 1455 2876; baseline 0.004 -2"><span class='ocrx_word' id='word_1_337' title='bbox 1005 2837 1034 2858; x_wconf 74' lang='lat'>⁸⁹</span> <span class='ocrx_word' id='word_1_338' title='bbox 1042 2836 1134 2875; x_wconf 93' lang='lat' dir='ltr'>Hoc</span> <span class='ocrx_word' id='word_1_339' title='bbox 1153 2843 1282 2875; x_wconf 89' lang='lat' dir='ltr'>autem</span> <span class='ocrx_word' id='word_1_340' title='bbox 1302 2836 1455 2876; x_wconf 85' lang='lat' dir='ltr'>dicebat</span> 
     </span>
     <span class='ocr_line' id='line_1_99' title="bbox 1006 2890 1470 2942; baseline 0.009 -14"><span class='ocrx_word' id='word_1_341' title='bbox 1006 2890 1053 2928; x_wconf 91' lang='lat' dir='ltr'>de</span> <span class='ocrx_word' id='word_1_342' title='bbox 1074 2894 1147 2940; x_wconf 78' lang='lat' dir='ltr'>spu</span> <span class='ocrx_word' id='word_1_343' title='bbox 1256 2903 1374 2942; x_wconf 89' lang='lat' dir='ltr'>quem</span> <span class='ocrx_word' id='word_1_344' title='bbox 1392 2892 1470 2932; x_wconf 91' lang='lat' dir='ltr'>inci</span> 
     </span>
     <span class='ocr_line' id='line_1_100' title="bbox 1006 2944 1360 2996; baseline 0.006 -14"><span class='ocrx_word' id='word_1_345' title='bbox 1006 2944 1164 2995; x_wconf 87' lang='lat' dir='ltr'>piebant</span> <span class='ocrx_word' id='word_1_346' title='bbox 1182 2944 1360 2996; x_wconf 86' lang='lat' dir='ltr'>adcipere</span> 
     </span>
    </p>
   </div>
   <div class='ocr_carea' id='block_1_8' title="bbox 1920 192 2618 255">
    <p class='ocr_par' dir='ltr' id='par_1_25' title="bbox 1920 192 2618 255">
     <span class='ocr_line' id='line_1_101' title="bbox 1920 192 2618 255; baseline 0.009 -23"><span class='ocrx_word' id='word_1_347' title='bbox 1920 193 1951 232; x_wconf 94' lang='lat' dir='ltr'><em>I</em></span> <span class='ocrx_word' id='word_1_348' title='bbox 1953 192 2265 236; x_wconf 81' lang='lat' dir='ltr'><em>OHANNEM</em></span> <span class='ocrx_word' id='word_1_349' title='bbox 2311 193 2396 255; x_wconf 84' lang='lat' dir='ltr'>[vn.</span> <span class='ocrx_word' id='word_1_350' title='bbox 2417 209 2567 238; x_wconf 83' lang='lat' dir='ltr'>21-vn1.</span> <span class='ocrx_word' id='word_1_351' title='bbox 2587 209 2618 246; x_wconf 73' lang='lat' dir='ltr'>&#39;a&#39;-</span> 
     </span>
    </p>
   </div>
   <div class='ocr_carea' id='block_1_9' title="bbox 1586 281 1967 366">
    <p class='ocr_par' dir='ltr' id='par_1_26' title="bbox 1586 281 1967 366">
     <span class='ocr_line' id='line_1_102' title="bbox 1587 281 1748 314; baseline 0.006 -1"><span class='ocrx_word' id='word_1_352' title='bbox 1587 281 1668 314; x_wconf 70' lang='lat'><strong>1&#39;01.</strong></span> <span class='ocrx_word' id='word_1_353' title='bbox 1688 283 1748 314; x_wconf 82' lang='lat'>59.</span> 
     </span>
     <span class='ocr_line' id='line_1_103' title="bbox 1586 324 1967 366; baseline 0 -2"><span class='ocrx_word' id='word_1_354' title='bbox 1586 324 1798 365; x_wconf 87' lang='lat' dir='ltr'>Credentes</span> <span class='ocrx_word' id='word_1_355' title='bbox 1817 325 1857 364; x_wconf 91' lang='lat' dir='ltr'>in</span> <span class='ocrx_word' id='word_1_356' title='bbox 1876 337 1967 366; x_wconf 90' lang='lat' dir='ltr'>eum</span> 
     </span>
    </p>
   </div>
   <div class='ocr_carea' id='block_1_10' title="bbox 1576 380 2076 1610">
    <p class='ocr_par' dir='ltr' id='par_1_27' title="bbox 1585 380 2071 581">
     <span class='ocr_line' id='line_1_104' title="bbox 1585 380 2010 420; baseline 0.005 -3"><span class='ocrx_word' id='word_1_357' title='bbox 1585 380 1760 418; x_wconf 91' lang='lat' dir='ltr'>nondum</span> <span class='ocrx_word' id='word_1_358' title='bbox 1780 387 1909 419; x_wconf 91' lang='lat' dir='ltr'>autem</span> <span class='ocrx_word' id='word_1_359' title='bbox 1928 387 2010 420; x_wconf 90' lang='lat' dir='ltr'>erat</span> 
     </span>
     <span class='ocr_line' id='line_1_105' title="bbox 1586 434 2071 485; baseline 0.004 -13"><span class='ocrx_word' id='word_1_360' title='bbox 1586 437 1651 483; x_wconf 76' lang='lat' dir='ltr'>sps</span> <span class='ocrx_word' id='word_1_361' title='bbox 1670 434 1782 472; x_wconf 89' lang='lat' dir='ltr'>datus</span> <span class='ocrx_word' id='word_1_362' title='bbox 1802 435 1893 485; x_wconf 91' lang='lat' dir='ltr'>quia</span> <span class='ocrx_word' id='word_1_363' title='bbox 1912 435 1971 473; x_wconf 82' lang='lat' dir='ltr'>ihs</span> <span class='ocrx_word' id='word_1_364' title='bbox 1991 447 2071 474; x_wconf 92' lang='lat' dir='ltr'>non</span> 
     </span>
     <span class='ocr_line' id='line_1_106' title="bbox 1585 488 1976 528; baseline 0.005 -3"><span class='ocrx_word' id='word_1_365' title='bbox 1585 488 1677 526; x_wconf 88' lang='lat' dir='ltr'>dum</span> <span class='ocrx_word' id='word_1_366' title='bbox 1697 488 1819 528; x_wconf 83' lang='lat' dir='ltr'>fuerat</span> <span class='ocrx_word' id='word_1_367' title='bbox 1836 488 1976 527; x_wconf 90' lang='lat' dir='ltr'>honori</span> 
     </span>
     <span class='ocr_line' id='line_1_107' title="bbox 1585 542 1721 581; baseline 0.007 -2"><span class='ocrx_word' id='word_1_368' title='bbox 1585 542 1721 581; x_wconf 87' lang='lat' dir='ltr'>ficatus</span> 
     </span>
    </p>

    <p class='ocr_par' dir='ltr' id='par_1_28' title="bbox 1580 596 2071 1081">
     <span class='ocr_line' id='line_1_108' title="bbox 1584 596 2070 636; baseline 0.004 -2"><span class='ocrx_word' id='word_1_369' title='bbox 1584 596 1680 634; x_wconf 82' lang='lat' dir='ltr'>⁴⁰De</span> <span class='ocrx_word' id='word_1_370' title='bbox 1699 596 1811 635; x_wconf 88' lang='lat' dir='ltr'>turba</span> <span class='ocrx_word' id='word_1_371' title='bbox 1829 599 1958 636; x_wconf 86' lang='lat' dir='ltr'>autem</span> <span class='ocrx_word' id='word_1_372' title='bbox 1979 609 2070 636; x_wconf 89' lang='lat' dir='ltr'>cum</span> 
     </span>
     <span class='ocr_line' id='line_1_109' title="bbox 1583 650 2062 690; baseline 0.004 -2"><span class='ocrx_word' id='word_1_373' title='bbox 1583 651 1751 689; x_wconf 86' lang='lat' dir='ltr'>audisset</span> <span class='ocrx_word' id='word_1_374' title='bbox 1770 650 1841 689; x_wconf 90' lang='lat' dir='ltr'>hos</span> <span class='ocrx_word' id='word_1_375' title='bbox 1864 663 2062 690; x_wconf 88' lang='lat' dir='ltr'>sermones</span> 
     </span>
     <span class='ocr_line' id='line_1_110' title="bbox 1584 705 2022 744; baseline 0.005 -2"><span class='ocrx_word' id='word_1_376' title='bbox 1584 705 1665 743; x_wconf 91' lang='lat' dir='ltr'>eius</span> <span class='ocrx_word' id='word_1_377' title='bbox 1685 705 1865 743; x_wconf 91' lang='lat' dir='ltr'>dicebant</span> <span class='ocrx_word' id='word_1_378' title='bbox 1883 705 1945 744; x_wconf 88' lang='lat' dir='ltr'>hic</span> <span class='ocrx_word' id='word_1_379' title='bbox 1964 712 2022 744; x_wconf 90' lang='lat' dir='ltr'>est</span> 
     </span>
     <span class='ocr_line' id='line_1_111' title="bbox 1582 759 2056 809; baseline 0.002 -12"><span class='ocrx_word' id='word_1_380' title='bbox 1582 771 1672 797; x_wconf 91' lang='lat' dir='ltr'>uere</span> <span class='ocrx_word' id='word_1_381' title='bbox 1692 759 1881 809; x_wconf 89' lang='lat' dir='ltr'>propheta</span> <span class='ocrx_word' id='word_1_382' title='bbox 1900 759 1997 798; x_wconf 87' lang='lat' dir='ltr'>⁴¹alii</span> <span class='ocrx_word' id='word_1_383' title='bbox 2017 760 2056 798; x_wconf 91' lang='lat' dir='ltr'>di</span> 
     </span>
     <span class='ocr_line' id='line_1_112' title="bbox 1583 814 1978 863; baseline 0.003 -12"><span class='ocrx_word' id='word_1_384' title='bbox 1583 814 1724 852; x_wconf 91' lang='lat' dir='ltr'>cebant</span> <span class='ocrx_word' id='word_1_385' title='bbox 1744 814 1806 852; x_wconf 90' lang='lat' dir='ltr'>hic</span> <span class='ocrx_word' id='word_1_386' title='bbox 1826 820 1883 852; x_wconf 88' lang='lat' dir='ltr'>est</span> <span class='ocrx_word' id='word_1_387' title='bbox 1903 817 1978 863; x_wconf 73' lang='lat' dir='ltr'>xps</span> 
     </span>
     <span class='ocr_line' id='line_1_113' title="bbox 1582 867 1994 917; baseline 0.007 -13"><span class='ocrx_word' id='word_1_388' title='bbox 1582 867 1741 917; x_wconf 88' lang='lat' dir='ltr'>quidam</span> <span class='ocrx_word' id='word_1_389' title='bbox 1760 874 1888 905; x_wconf 89' lang='lat' dir='ltr'>autem</span> <span class='ocrx_word' id='word_1_390' title='bbox 1909 869 1994 907; x_wconf 92' lang='lat' dir='ltr'>dice</span> 
     </span>
     <span class='ocr_line' id='line_1_114' title="bbox 1581 922 2065 972; baseline 0.004 -13"><span class='ocrx_word' id='word_1_391' title='bbox 1581 922 1676 959; x_wconf 90' lang='lat' dir='ltr'>bant</span> <span class='ocrx_word' id='word_1_392' title='bbox 1761 922 1952 972; x_wconf 88' lang='lat' dir='ltr'>numquid</span> <span class='ocrx_word' id='word_1_393' title='bbox 1972 934 1995 960; x_wconf 90' lang='lat' dir='ltr'>a</span> <span class='ocrx_word' id='word_1_394' title='bbox 2013 934 2065 972; x_wconf 89' lang='lat' dir='ltr'>ga</span> 
     </span>
     <span class='ocr_line' id='line_1_115' title="bbox 1580 975 2071 1025; baseline 0.004 -12"><span class='ocrx_word' id='word_1_395' title='bbox 1580 975 1667 1014; x_wconf 88' lang='lat' dir='ltr'>lilea</span> <span class='ocrx_word' id='word_1_396' title='bbox 1686 978 1760 1025; x_wconf 77' lang='lat' dir='ltr'>xps</span> <span class='ocrx_word' id='word_1_397' title='bbox 1779 977 1885 1014; x_wconf 90' lang='lat' dir='ltr'>uenit</span> <span class='ocrx_word' id='word_1_398' title='bbox 1904 977 2071 1016; x_wconf 78' lang='lat' dir='ltr'>⁴²nonne</span> 
     </span>
     <span class='ocr_line' id='line_1_116' title="bbox 1581 1030 1988 1081; baseline 0.005 -14"><span class='ocrx_word' id='word_1_399' title='bbox 1581 1030 1769 1080; x_wconf 90' lang='lat' dir='ltr'>scriptura</span> <span class='ocrx_word' id='word_1_400' title='bbox 1787 1030 1877 1069; x_wconf 91' lang='lat' dir='ltr'>dicit</span> <span class='ocrx_word' id='word_1_401' title='bbox 1896 1031 1988 1081; x_wconf 86' lang='lat' dir='ltr'>quia</span> 
     </span>
    </p>

    <p class='ocr_par' dir='ltr' id='par_1_29' title="bbox 1576 1084 2076 1610">
     <span class='ocr_line' id='line_1_117' title="bbox 1581 1084 1988 1123; baseline 0.005 -2"><span class='ocrx_word' id='word_1_402' title='bbox 1581 1096 1630 1121; x_wconf 85' lang='lat' dir='ltr'>ex</span> <span class='ocrx_word' id='word_1_403' title='bbox 1649 1084 1754 1123; x_wconf 91' lang='lat' dir='ltr'>mine</span> <span class='ocrx_word' id='word_1_404' title='bbox 1772 1084 1889 1123; x_wconf 85' lang='lat' dir='ltr'>dauid</span> <span class='ocrx_word' id='word_1_405' title='bbox 1908 1093 1946 1123; x_wconf 91' lang='lat' dir='ltr'>et</span> <span class='ocrx_word' id='word_1_406' title='bbox 1965 1097 1988 1123; x_wconf 92' lang='lat' dir='ltr'>a</span> 
     </span>
     <span class='ocr_line' id='line_1_118' title="bbox 1581 1138 2010 1178; baseline 0.007 -3"><span class='ocrx_word' id='word_1_407' title='bbox 1581 1138 1747 1176; x_wconf 90' lang='lat' dir='ltr'>bethlem</span> <span class='ocrx_word' id='word_1_408' title='bbox 1767 1139 1924 1178; x_wconf 89' lang='lat' dir='ltr'>castello</span> <span class='ocrx_word' id='word_1_409' title='bbox 1943 1139 2010 1178; x_wconf 88' lang='lat' dir='ltr'>ubi</span> 
     </span>
     <span class='ocr_line' id='line_1_119' title="bbox 1580 1192 2012 1243; baseline 0.002 -13"><span class='ocrx_word' id='word_1_410' title='bbox 1580 1199 1661 1230; x_wconf 91' lang='lat' dir='ltr'>erat</span> <span class='ocrx_word' id='word_1_411' title='bbox 1679 1192 1794 1231; x_wconf 88' lang='lat' dir='ltr'>dauid</span> <span class='ocrx_word' id='word_1_412' title='bbox 1815 1196 1887 1243; x_wconf 71' lang='lat' dir='ltr'>xps</span> <span class='ocrx_word' id='word_1_413' title='bbox 1906 1194 2012 1231; x_wconf 91' lang='lat' dir='ltr'>uenit</span> 
     </span>
     <span class='ocr_line' id='line_1_120' title="bbox 1578 1246 2044 1286; baseline 0.006 -3"><span class='ocrx_word' id='word_1_414' title='bbox 1578 1246 1816 1285; x_wconf 79' lang='lat' dir='ltr'>⁴³Dissensio</span> <span class='ocrx_word' id='word_1_415' title='bbox 1835 1254 1964 1285; x_wconf 88' lang='lat' dir='ltr'>autem</span> <span class='ocrx_word' id='word_1_416' title='bbox 1984 1247 2044 1286; x_wconf 84' lang='lat' dir='ltr'>fac</span> 
     </span>
     <span class='ocr_line' id='line_1_121' title="bbox 1578 1301 1998 1351; baseline 0.005 -13"><span class='ocrx_word' id='word_1_417' title='bbox 1578 1307 1616 1338; x_wconf 89' lang='lat' dir='ltr'>ta</span> <span class='ocrx_word' id='word_1_418' title='bbox 1635 1307 1694 1339; x_wconf 90' lang='lat' dir='ltr'>est</span> <span class='ocrx_word' id='word_1_419' title='bbox 1713 1301 1752 1338; x_wconf 89' lang='lat' dir='ltr'>in</span> <span class='ocrx_word' id='word_1_420' title='bbox 1772 1302 1882 1340; x_wconf 89' lang='lat' dir='ltr'>turba</span> <span class='ocrx_word' id='word_1_421' title='bbox 1901 1314 1998 1351; x_wconf 91' lang='lat' dir='ltr'>prop</span> 
     </span>
     <span class='ocr_line' id='line_1_122' title="bbox 1579 1354 2076 1406; baseline 0.004 -14"><span class='ocrx_word' id='word_1_422' title='bbox 1579 1361 1635 1392; x_wconf 88' lang='lat' dir='ltr'>ter</span> <span class='ocrx_word' id='word_1_423' title='bbox 1654 1355 1760 1392; x_wconf 90' lang='lat' dir='ltr'>illum</span> <span class='ocrx_word' id='word_1_424' title='bbox 1896 1354 2076 1406; x_wconf 61' lang='lat' dir='ltr'>“quida-</span> 
     </span>
     <span class='ocr_line' id='line_1_123' title="bbox 1578 1408 2003 1460; baseline 0.005 -14"><span class='ocrx_word' id='word_1_425' title='bbox 1578 1415 1707 1447; x_wconf 89' lang='lat' dir='ltr'>autem</span> <span class='ocrx_word' id='word_1_426' title='bbox 1727 1421 1774 1447; x_wconf 89' lang='lat' dir='ltr'>ex</span> <span class='ocrx_word' id='word_1_427' title='bbox 1794 1408 1866 1447; x_wconf 88' lang='lat' dir='ltr'>illis</span> <span class='ocrx_word' id='word_1_428' title='bbox 1885 1410 2003 1460; x_wconf 87' lang='lat' dir='ltr'>adpre</span> 
     </span>
     <span class='ocr_line' id='line_1_124' title="bbox 1577 1462 1960 1502; baseline 0.005 -2"><span class='ocrx_word' id='word_1_429' title='bbox 1577 1462 1744 1501; x_wconf 83' lang='lat' dir='ltr'>bendere</span> <span class='ocrx_word' id='word_1_430' title='bbox 1764 1475 1854 1500; x_wconf 89' lang='lat' dir='ltr'>eum</span> <span class='ocrx_word' id='word_1_431' title='bbox 1873 1464 1960 1502; x_wconf 88' lang='lat' dir='ltr'>uole</span> 
     </span>
     <span class='ocr_line' id='line_1_125' title="bbox 1577 1517 2002 1556; baseline 0.002 -2"><span class='ocrx_word' id='word_1_432' title='bbox 1577 1518 1670 1555; x_wconf 89' lang='lat' dir='ltr'>bant</span> <span class='ocrx_word' id='word_1_433' title='bbox 1689 1529 1761 1556; x_wconf 90' lang='lat' dir='ltr'>nec</span> <span class='ocrx_word' id='word_1_434' title='bbox 1781 1529 1899 1556; x_wconf 91' lang='lat' dir='ltr'>nemo</span> <span class='ocrx_word' id='word_1_435' title='bbox 1918 1518 1958 1555; x_wconf 92' lang='lat' dir='ltr'>in</span> <span class='ocrx_word' id='word_1_436' title='bbox 1977 1517 2002 1555; x_wconf 92' lang='lat' dir='ltr'>il</span> 
     </span>
     <span class='ocr_line' id='line_1_126' title="bbox 1576 1570 1958 1610; baseline 0 -1"><span class='ocrx_word' id='word_1_437' title='bbox 1576 1570 1657 1609; x_wconf 92' lang='lat' dir='ltr'>lum</span> <span class='ocrx_word' id='word_1_438' title='bbox 1675 1571 1777 1610; x_wconf 90' lang='lat' dir='ltr'>misit</span> <span class='ocrx_word' id='word_1_439' title='bbox 1796 1583 1958 1610; x_wconf 90' lang='lat' dir='ltr'>manum</span> 
     </span>
    </p>
   </div>
   <div class='ocr_carea' id='block_1_11' title="bbox 1574 1700 2076 2997">
    <p class='ocr_par' dir='ltr' id='par_1_30' title="bbox 1574 1700 2050 2228">
     <span class='ocr_line' id='line_1_127' title="bbox 1574 1700 2000 1752; baseline 0.002 -12"><span class='ocrx_word' id='word_1_440' title='bbox 1574 1700 1813 1740; x_wconf 83' lang='lat' dir='ltr'>⁴⁵Uenerunt</span> <span class='ocrx_word' id='word_1_441' title='bbox 1831 1713 1927 1752; x_wconf 89' lang='lat' dir='ltr'>ergo</span> <span class='ocrx_word' id='word_1_442' title='bbox 1946 1702 2000 1741; x_wconf 88' lang='lat' dir='ltr'>mi</span> 
     </span>
     <span class='ocr_line' id='line_1_128' title="bbox 1575 1755 2012 1806; baseline 0.005 -12"><span class='ocrx_word' id='word_1_443' title='bbox 1575 1756 1679 1794; x_wconf 91' lang='lat' dir='ltr'>nistri</span> <span class='ocrx_word' id='word_1_444' title='bbox 1699 1755 1749 1794; x_wconf 88' lang='lat' dir='ltr'>ad</span> <span class='ocrx_word' id='word_1_445' title='bbox 1768 1756 1950 1806; x_wconf 90' lang='lat' dir='ltr'>principis</span> <span class='ocrx_word' id='word_1_446' title='bbox 1969 1768 2012 1796; x_wconf 85' lang='lat' dir='ltr'>sa</span> 
     </span>
     <span class='ocr_line' id='line_1_129' title="bbox 1575 1810 1962 1861; baseline 0 -13"><span class='ocrx_word' id='word_1_447' title='bbox 1575 1810 1775 1849; x_wconf 89' lang='lat' dir='ltr'>cerdotum</span> <span class='ocrx_word' id='word_1_448' title='bbox 1795 1817 1833 1848; x_wconf 91' lang='lat' dir='ltr'>et</span> <span class='ocrx_word' id='word_1_449' title='bbox 1852 1810 1962 1861; x_wconf 87' lang='lat' dir='ltr'>phari</span> 
     </span>
     <span class='ocr_line' id='line_1_130' title="bbox 1575 1864 1992 1903; baseline -0.002 0"><span class='ocrx_word' id='word_1_450' title='bbox 1575 1876 1665 1903; x_wconf 90' lang='lat' dir='ltr'>seos</span> <span class='ocrx_word' id='word_1_451' title='bbox 1683 1871 1721 1903; x_wconf 94' lang='lat' dir='ltr'>et</span> <span class='ocrx_word' id='word_1_452' title='bbox 1740 1864 1918 1903; x_wconf 88' lang='lat' dir='ltr'>dixerunt</span> <span class='ocrx_word' id='word_1_453' title='bbox 1937 1865 1992 1903; x_wconf 89' lang='lat' dir='ltr'>eis</span> 
     </span>
     <span class='ocr_line' id='line_1_131' title="bbox 1575 1918 1990 1969; baseline 0.002 -13"><span class='ocrx_word' id='word_1_454' title='bbox 1575 1918 1627 1957; x_wconf 91' lang='lat' dir='ltr'>illi</span> <span class='ocrx_word' id='word_1_455' title='bbox 1647 1931 1764 1969; x_wconf 88' lang='lat' dir='ltr'>quare</span> <span class='ocrx_word' id='word_1_456' title='bbox 1784 1931 1866 1958; x_wconf 89' lang='lat' dir='ltr'>non</span> <span class='ocrx_word' id='word_1_457' title='bbox 1884 1919 1990 1958; x_wconf 90' lang='lat' dir='ltr'>addu</span> 
     </span>
     <span class='ocr_line' id='line_1_132' title="bbox 1577 1973 1774 2011; baseline -0.005 0"><span class='ocrx_word' id='word_1_458' title='bbox 1577 1973 1664 2011; x_wconf 87' lang='lat' dir='ltr'>xisti</span> <span class='ocrx_word' id='word_1_459' title='bbox 1683 1984 1774 2011; x_wconf 90' lang='lat' dir='ltr'>eum</span> 
     </span>
     <span class='ocr_line' id='line_1_133' title="bbox 1575 2026 2050 2077; baseline 0.002 -12"><span class='ocrx_word' id='word_1_460' title='bbox 1575 2026 1915 2077; x_wconf 75' lang='lat' dir='ltr'>“Responderunt</span> <span class='ocrx_word' id='word_1_461' title='bbox 1933 2027 2050 2066; x_wconf 90' lang='lat' dir='ltr'>minis</span> 
     </span>
     <span class='ocr_line' id='line_1_134' title="bbox 1576 2081 1991 2131; baseline 0.002 -12"><span class='ocrx_word' id='word_1_462' title='bbox 1576 2081 1622 2120; x_wconf 89' lang='lat' dir='ltr'>tri</span> <span class='ocrx_word' id='word_1_463' title='bbox 1642 2092 1857 2131; x_wconf 87' lang='lat' dir='ltr'>numquam</span> <span class='ocrx_word' id='word_1_464' title='bbox 1877 2081 1932 2119; x_wconf 91' lang='lat' dir='ltr'>sic</span> <span class='ocrx_word' id='word_1_465' title='bbox 1951 2081 1991 2120; x_wconf 94' lang='lat' dir='ltr'>lo</span> 
     </span>
     <span class='ocr_line' id='line_1_135' title="bbox 1576 2135 1990 2185; baseline 0 -12"><span class='ocrx_word' id='word_1_466' title='bbox 1576 2141 1689 2174; x_wconf 91' lang='lat' dir='ltr'>cutus</span> <span class='ocrx_word' id='word_1_467' title='bbox 1709 2143 1766 2174; x_wconf 93' lang='lat' dir='ltr'>est</span> <span class='ocrx_word' id='word_1_468' title='bbox 1785 2135 1990 2185; x_wconf 88' lang='lat' dir='ltr'>quisquam</span> 
     </span>
     <span class='ocr_line' id='line_1_136' title="bbox 1576 2189 1919 2228; baseline 0 -1"><span class='ocrx_word' id='word_1_469' title='bbox 1576 2189 1696 2228; x_wconf 89' lang='lat' dir='ltr'>homo</span> <span class='ocrx_word' id='word_1_470' title='bbox 1717 2189 1779 2227; x_wconf 90' lang='lat' dir='ltr'>hic</span> <span class='ocrx_word' id='word_1_471' title='bbox 1798 2189 1919 2228; x_wconf 91' lang='lat' dir='ltr'>homo</span> 
     </span>
    </p>

    <p class='ocr_par' dir='ltr' id='par_1_31' title="bbox 1575 2242 2076 2347">
     <span class='ocr_line' id='line_1_137' title="bbox 1575 2242 2076 2296; baseline 0.004 -15"><span class='ocrx_word' id='word_1_472' title='bbox 1575 2243 1605 2265; x_wconf 81' lang='lat'>⁴⁷</span> <span class='ocrx_word' id='word_1_473' title='bbox 1613 2242 1914 2294; x_wconf 88' lang='lat' dir='ltr'>Responderunt</span> <span class='ocrx_word' id='word_1_474' title='bbox 1929 2243 1983 2283; x_wconf 89' lang='lat' dir='ltr'>eis</span> <span class='ocrx_word' id='word_1_475' title='bbox 1997 2243 2076 2296; x_wconf 86' lang='lat' dir='ltr'>pha</span> 
     </span>
     <span class='ocr_line' id='line_1_138' title="bbox 1575 2297 1928 2347; baseline 0.003 -12"><span class='ocrx_word' id='word_1_476' title='bbox 1575 2297 1661 2335; x_wconf 89' lang='lat' dir='ltr'>risei</span> <span class='ocrx_word' id='word_1_477' title='bbox 1680 2297 1871 2347; x_wconf 85' lang='lat' dir='ltr'>numquid</span> <span class='ocrx_word' id='word_1_478' title='bbox 1889 2304 1928 2336; x_wconf 93' lang='lat' dir='ltr'>et</span> 
     </span>
    </p>

    <p class='ocr_par' dir='ltr' id='par_1_32' title="bbox 1575 2351 2012 2510">
     <span class='ocr_line' id='line_1_139' title="bbox 1575 2351 1922 2391; baseline 0 -2"><span class='ocrx_word' id='word_1_479' title='bbox 1575 2363 1647 2390; x_wconf 91' lang='lat' dir='ltr'>uos</span> <span class='ocrx_word' id='word_1_480' title='bbox 1666 2351 1813 2391; x_wconf 90' lang='lat' dir='ltr'>seducti</span> <span class='ocrx_word' id='word_1_481' title='bbox 1832 2351 1922 2390; x_wconf 89' lang='lat' dir='ltr'>estis</span> 
     </span>
     <span class='ocr_line' id='line_1_140' title="bbox 1575 2405 2012 2456; baseline 0.005 -13"><span class='ocrx_word' id='word_1_482' title='bbox 1575 2405 1789 2456; x_wconf 63' lang='lat' dir='ltr'>“numquit</span> <span class='ocrx_word' id='word_1_483' title='bbox 1808 2405 1944 2456; x_wconf 86' lang='lat' dir='ltr'>aliquis</span> <span class='ocrx_word' id='word_1_484' title='bbox 1963 2417 2012 2445; x_wconf 87' lang='lat' dir='ltr'>ex</span> 
     </span>
     <span class='ocr_line' id='line_1_141' title="bbox 1575 2459 1945 2510; baseline 0 -13"><span class='ocrx_word' id='word_1_485' title='bbox 1575 2459 1814 2510; x_wconf 91' lang='lat' dir='ltr'>principibus</span> <span class='ocrx_word' id='word_1_486' title='bbox 1833 2459 1945 2498; x_wconf 89' lang='lat' dir='ltr'>crede</span> 
     </span>
    </p>

    <p class='ocr_par' dir='ltr' id='par_1_33' title="bbox 1574 2513 2048 2715">
     <span class='ocr_line' id='line_1_142' title="bbox 1575 2513 2047 2564; baseline 0.002 -12"><span class='ocrx_word' id='word_1_487' title='bbox 1575 2513 1630 2552; x_wconf 92' lang='lat' dir='ltr'>dit</span> <span class='ocrx_word' id='word_1_488' title='bbox 1649 2513 1689 2551; x_wconf 92' lang='lat' dir='ltr'>in</span> <span class='ocrx_word' id='word_1_489' title='bbox 1707 2525 1796 2552; x_wconf 91' lang='lat' dir='ltr'>eum</span> <span class='ocrx_word' id='word_1_490' title='bbox 1816 2519 1882 2552; x_wconf 90' lang='lat' dir='ltr'>aut</span> <span class='ocrx_word' id='word_1_491' title='bbox 1901 2525 1949 2552; x_wconf 86' lang='lat' dir='ltr'>ex</span> <span class='ocrx_word' id='word_1_492' title='bbox 1968 2513 2047 2564; x_wconf 91' lang='lat' dir='ltr'>pha</span> 
     </span>
     <span class='ocr_line' id='line_1_143' title="bbox 1574 2567 2048 2608; baseline 0.004 -3"><span class='ocrx_word' id='word_1_493' title='bbox 1574 2567 1681 2606; x_wconf 90' lang='lat' dir='ltr'>riseis</span> <span class='ocrx_word' id='word_1_494' title='bbox 1700 2567 1803 2606; x_wconf 78' lang='lat' dir='ltr'>⁴⁹sed</span> <span class='ocrx_word' id='word_1_495' title='bbox 1821 2568 1934 2606; x_wconf 89' lang='lat' dir='ltr'>turba</span> <span class='ocrx_word' id='word_1_496' title='bbox 1953 2568 2048 2608; x_wconf 91' lang='lat' dir='ltr'>haec</span> 
     </span>
     <span class='ocr_line' id='line_1_144' title="bbox 1575 2621 2014 2674; baseline 0.005 -15"><span class='ocrx_word' id='word_1_497' title='bbox 1575 2633 1652 2672; x_wconf 87' lang='lat' dir='ltr'>que</span> <span class='ocrx_word' id='word_1_498' title='bbox 1671 2633 1751 2660; x_wconf 89' lang='lat' dir='ltr'>non</span> <span class='ocrx_word' id='word_1_499' title='bbox 1770 2621 1879 2660; x_wconf 90' lang='lat' dir='ltr'>nouit</span> <span class='ocrx_word' id='word_1_500' title='bbox 1897 2622 2014 2674; x_wconf 74' lang='lat' dir='ltr'>lege’</span> 
     </span>
     <span class='ocr_line' id='line_1_145' title="bbox 1575 2675 1876 2715; baseline 0 -1"><span class='ocrx_word' id='word_1_501' title='bbox 1575 2675 1767 2715; x_wconf 89' lang='lat' dir='ltr'>maledicti</span> <span class='ocrx_word' id='word_1_502' title='bbox 1786 2682 1876 2715; x_wconf 91' lang='lat' dir='ltr'>sunt</span> 
     </span>
    </p>

    <p class='ocr_par' dir='ltr' id='par_1_34' title="bbox 1575 2729 2030 2835">
     <span class='ocr_line' id='line_1_146' title="bbox 1575 2729 2030 2770; baseline 0.007 -3"><span class='ocrx_word' id='word_1_503' title='bbox 1575 2729 1715 2768; x_wconf 78' lang='lat' dir='ltr'>⁵⁰Dicit</span> <span class='ocrx_word' id='word_1_504' title='bbox 1734 2730 1961 2770; x_wconf 85' lang='lat' dir='ltr'>nicodemus</span> <span class='ocrx_word' id='word_1_505' title='bbox 1979 2729 2030 2770; x_wconf 91' lang='lat' dir='ltr'>ad</span> 
     </span>
     <span class='ocr_line' id='line_1_147' title="bbox 1576 2783 1933 2835; baseline 0 -12"><span class='ocrx_word' id='word_1_506' title='bbox 1576 2795 1644 2823; x_wconf 91' lang='lat' dir='ltr'>eos</span> <span class='ocrx_word' id='word_1_507' title='bbox 1662 2783 1723 2823; x_wconf 88' lang='lat' dir='ltr'>ille</span> <span class='ocrx_word' id='word_1_508' title='bbox 1743 2785 1809 2835; x_wconf 88' lang='lat' dir='ltr'>qui</span> <span class='ocrx_word' id='word_1_509' title='bbox 1827 2785 1933 2823; x_wconf 89' lang='lat' dir='ltr'>uenit</span> 
     </span>
    </p>

    <p class='ocr_par' dir='ltr' id='par_1_35' title="bbox 1574 2839 2043 2997">
     <span class='ocr_line' id='line_1_148' title="bbox 1575 2839 1992 2889; baseline 0.002 -13"><span class='ocrx_word' id='word_1_510' title='bbox 1575 2839 1625 2876; x_wconf 90' lang='lat' dir='ltr'>ad</span> <span class='ocrx_word' id='word_1_511' title='bbox 1645 2850 1734 2877; x_wconf 90' lang='lat' dir='ltr'>eum</span> <span class='ocrx_word' id='word_1_512' title='bbox 1753 2845 1869 2877; x_wconf 91' lang='lat' dir='ltr'>nocte</span> <span class='ocrx_word' id='word_1_513' title='bbox 1887 2839 1992 2889; x_wconf 88' lang='lat' dir='ltr'>prius</span> 
     </span>
     <span class='ocr_line' id='line_1_149' title="bbox 1575 2892 1983 2943; baseline 0.002 -13"><span class='ocrx_word' id='word_1_514' title='bbox 1575 2892 1640 2943; x_wconf 91' lang='lat' dir='ltr'>qui</span> <span class='ocrx_word' id='word_1_515' title='bbox 1658 2899 1739 2931; x_wconf 90' lang='lat' dir='ltr'>erat</span> <span class='ocrx_word' id='word_1_516' title='bbox 1757 2904 1857 2930; x_wconf 90' lang='lat' dir='ltr'>unus</span> <span class='ocrx_word' id='word_1_517' title='bbox 1876 2905 1924 2931; x_wconf 92' lang='lat' dir='ltr'>ex</span> <span class='ocrx_word' id='word_1_518' title='bbox 1943 2893 1983 2943; x_wconf 90' lang='lat' dir='ltr'>ip</span> 
     </span>
     <span class='ocr_line' id='line_1_150' title="bbox 1574 2945 2043 2997; baseline 0.002 -12"><span class='ocrx_word' id='word_1_519' title='bbox 1574 2947 1625 2986; x_wconf 87' lang='lat' dir='ltr'>sis</span> <span class='ocrx_word' id='word_1_520' title='bbox 1644 2945 1671 2968; x_wconf 75' lang='lat'>³¹</span> <span class='ocrx_word' id='word_1_521' title='bbox 1680 2946 1870 2997; x_wconf 89' lang='lat' dir='ltr'>numquid</span> <span class='ocrx_word' id='word_1_522' title='bbox 1888 2947 1950 2986; x_wconf 84' lang='lat' dir='ltr'>lex</span> <span class='ocrx_word' id='word_1_523' title='bbox 1969 2957 2043 2986; x_wconf 81' lang='lat' dir='ltr'>nos</span> 
     </span>
    </p>
   </div>
   <div class='ocr_carea' id='block_1_12' title="bbox 2110 325 2621 1610">
    <p class='ocr_par' dir='ltr' id='par_1_36' title="bbox 2118 325 2567 487">
     <span class='ocr_line' id='line_1_151' title="bbox 2119 325 2567 368; baseline 0.004 -3"><span class='ocrx_word' id='word_1_524' title='bbox 2119 325 2201 366; x_wconf 90' lang='lat' dir='ltr'>Tra</span> <span class='ocrx_word' id='word_1_525' title='bbox 2218 327 2362 367; x_wconf 89' lang='lat' dir='ltr'>iudicat</span> <span class='ocrx_word' id='word_1_526' title='bbox 2379 328 2567 368; x_wconf 77' lang='lat' dir='ltr'>homine·</span> 
     </span>
     <span class='ocr_line' id='line_1_152' title="bbox 2119 381 2545 433; baseline 0.007 -15"><span class='ocrx_word' id='word_1_527' title='bbox 2119 381 2192 420; x_wconf 89' lang='lat' dir='ltr'>nisi</span> <span class='ocrx_word' id='word_1_528' title='bbox 2210 383 2370 421; x_wconf 91' lang='lat' dir='ltr'>audierit</span> <span class='ocrx_word' id='word_1_529' title='bbox 2389 383 2545 433; x_wconf 71' lang='lat' dir='ltr'>primu*</span> 
     </span>
     <span class='ocr_line' id='line_1_153' title="bbox 2118 436 2529 487; baseline 0.005 -14"><span class='ocrx_word' id='word_1_530' title='bbox 2118 436 2168 473; x_wconf 89' lang='lat' dir='ltr'>ab</span> <span class='ocrx_word' id='word_1_531' title='bbox 2187 436 2272 486; x_wconf 88' lang='lat' dir='ltr'>ipso</span> <span class='ocrx_word' id='word_1_532' title='bbox 2292 444 2329 475; x_wconf 90' lang='lat' dir='ltr'>et</span> <span class='ocrx_word' id='word_1_533' title='bbox 2348 449 2529 487; x_wconf 87' lang='lat' dir='ltr'>cognoue</span> 
     </span>
    </p>

    <p class='ocr_par' dir='ltr' id='par_1_37' title="bbox 2118 490 2387 540">
     <span class='ocr_line' id='line_1_154' title="bbox 2118 490 2387 540; baseline 0.007 -14"><span class='ocrx_word' id='word_1_534' title='bbox 2118 490 2165 527; x_wconf 90' lang='lat' dir='ltr'>rit</span> <span class='ocrx_word' id='word_1_535' title='bbox 2185 490 2277 540; x_wconf 90' lang='lat' dir='ltr'>quid</span> <span class='ocrx_word' id='word_1_536' title='bbox 2297 491 2387 528; x_wconf 89' lang='lat' dir='ltr'>facit</span> 
     </span>
    </p>

    <p class='ocr_par' dir='ltr' id='par_1_38' title="bbox 2118 543 2618 649">
     <span class='ocr_line' id='line_1_155' title="bbox 2118 543 2618 594; baseline 0.006 -14"><span class='ocrx_word' id='word_1_537' title='bbox 2118 543 2148 564; x_wconf 76' lang='lat'>⁶²</span> <span class='ocrx_word' id='word_1_538' title='bbox 2156 543 2458 594; x_wconf 91' lang='lat' dir='ltr'>Responderunt</span> <span class='ocrx_word' id='word_1_539' title='bbox 2476 544 2511 583; x_wconf 89' lang='lat' dir='ltr'>ei</span> <span class='ocrx_word' id='word_1_540' title='bbox 2526 551 2564 583; x_wconf 91' lang='lat' dir='ltr'>et</span> <span class='ocrx_word' id='word_1_541' title='bbox 2577 544 2618 583; x_wconf 93' lang='lat' dir='ltr'>di</span> 
     </span>
     <span class='ocr_line' id='line_1_156' title="bbox 2118 599 2465 649; baseline 0.006 -14"><span class='ocrx_word' id='word_1_542' title='bbox 2118 605 2256 636; x_wconf 86' lang='lat' dir='ltr'>xerunt</span> <span class='ocrx_word' id='word_1_543' title='bbox 2275 599 2465 649; x_wconf 90' lang='lat' dir='ltr'>numquid</span> 
     </span>
    </p>

    <p class='ocr_par' dir='ltr' id='par_1_39' title="bbox 2118 652 2598 756">
     <span class='ocr_line' id='line_1_157' title="bbox 2118 652 2598 702; baseline 0.002 -13"><span class='ocrx_word' id='word_1_544' title='bbox 2118 658 2156 689; x_wconf 89' lang='lat' dir='ltr'>et</span> <span class='ocrx_word' id='word_1_545' title='bbox 2176 659 2215 689; x_wconf 91' lang='lat' dir='ltr'>tu</span> <span class='ocrx_word' id='word_1_546' title='bbox 2235 663 2259 690; x_wconf 88' lang='lat' dir='ltr'>a</span> <span class='ocrx_word' id='word_1_547' title='bbox 2276 652 2414 702; x_wconf 89' lang='lat' dir='ltr'>galilea</span> <span class='ocrx_word' id='word_1_548' title='bbox 2433 658 2490 691; x_wconf 91' lang='lat' dir='ltr'>est</span> <span class='ocrx_word' id='word_1_549' title='bbox 2509 664 2598 692; x_wconf 90' lang='lat' dir='ltr'>seru</span> 
     </span>
     <span class='ocr_line' id='line_1_158' title="bbox 2118 707 2482 756; baseline 0.003 -13"><span class='ocrx_word' id='word_1_550' title='bbox 2118 711 2199 743; x_wconf 88' lang='lat' dir='ltr'>tare</span> <span class='ocrx_word' id='word_1_551' title='bbox 2218 707 2424 756; x_wconf 85' lang='lat' dir='ltr'>scripturas</span> <span class='ocrx_word' id='word_1_552' title='bbox 2443 713 2482 744; x_wconf 92' lang='lat' dir='ltr'>et</span> 
     </span>
    </p>

    <p class='ocr_par' dir='ltr' id='par_1_40' title="bbox 2117 759 2522 810">
     <span class='ocr_line' id='line_1_159' title="bbox 2117 759 2522 810; baseline 0.005 -13"><span class='ocrx_word' id='word_1_553' title='bbox 2117 759 2204 798; x_wconf 92' lang='lat' dir='ltr'>uide</span> <span class='ocrx_word' id='word_1_554' title='bbox 2225 760 2316 810; x_wconf 88' lang='lat' dir='ltr'>quia</span> <span class='ocrx_word' id='word_1_555' title='bbox 2334 759 2522 810; x_wconf 83' lang='lat' dir='ltr'>propheta</span> 
     </span>
    </p>

    <p class='ocr_par' dir='ltr' id='par_1_41' title="bbox 2117 814 2480 863">
     <span class='ocr_line' id='line_1_160' title="bbox 2117 814 2480 863; baseline 0.003 -12"><span class='ocrx_word' id='word_1_556' title='bbox 2117 825 2140 851; x_wconf 86' lang='lat' dir='ltr'>a</span> <span class='ocrx_word' id='word_1_557' title='bbox 2159 814 2297 863; x_wconf 85' lang='lat' dir='ltr'>galilea</span> <span class='ocrx_word' id='word_1_558' title='bbox 2315 825 2396 853; x_wconf 91' lang='lat' dir='ltr'>non</span> <span class='ocrx_word' id='word_1_559' title='bbox 2415 825 2480 852; x_wconf 90' lang='lat' dir='ltr'>sur</span> 
     </span>
    </p>

    <p class='ocr_par' dir='ltr' id='par_1_42' title="bbox 2116 868 2171 916">
     <span class='ocr_line' id='line_1_161' title="bbox 2116 868 2171 916; baseline 0 -11"><span class='ocrx_word' id='word_1_560' title='bbox 2116 868 2171 916; x_wconf 89' lang='lat' dir='ltr'>git</span> 
     </span>
    </p>

    <p class='ocr_par' dir='ltr' id='par_1_43' title="bbox 2116 921 2621 1015">
     <span class='ocr_line' id='line_1_162' title="bbox 2117 921 2621 961; baseline 0 -2"><span class='ocrx_word' id='word_1_561' title='bbox 2117 932 2188 961; x_wconf 79' lang='lat' dir='ltr'>xUl</span> <span class='ocrx_word' id='word_1_562' title='bbox 2202 928 2220 960; x_wconf 91' lang='grc'>8</span> <span class='ocrx_word' id='word_1_563' title='bbox 2228 921 2319 960; x_wconf 69' lang='grc' dir='ltr'>ῙῙῆε</span> <span class='ocrx_word' id='word_1_564' title='bbox 2324 926 2443 960; x_wconf 82' lang='lat' dir='ltr'>aulem</span> <span class='ocrx_word' id='word_1_565' title='bbox 2456 921 2621 960; x_wconf 80' lang='lat' dir='ltr'>ascendit</span> 
     </span>
     <span class='ocr_line' id='line_1_163' title="bbox 2116 976 2504 1015; baseline 0.003 -2"><span class='ocrx_word' id='word_1_566' title='bbox 2116 977 2156 1014; x_wconf 90' lang='lat' dir='ltr'>in</span> <span class='ocrx_word' id='word_1_567' title='bbox 2175 983 2351 1015; x_wconf 90' lang='lat' dir='ltr'>montem</span> <span class='ocrx_word' id='word_1_568' title='bbox 2372 976 2504 1014; x_wconf 88' lang='lat' dir='ltr'>oliueti</span> 
     </span>
    </p>

    <p class='ocr_par' dir='ltr' id='par_1_44' title="bbox 2114 1030 2502 1286">
     <span class='ocr_line' id='line_1_164' title="bbox 2116 1030 2498 1069; baseline 0.003 -1"><span class='ocrx_word' id='word_1_569' title='bbox 2116 1030 2174 1069; x_wconf 79' lang='lat' dir='ltr'>²et</span> <span class='ocrx_word' id='word_1_570' title='bbox 2193 1042 2307 1069; x_wconf 91' lang='lat' dir='ltr'>mane</span> <span class='ocrx_word' id='word_1_571' title='bbox 2327 1042 2417 1068; x_wconf 89' lang='lat' dir='ltr'>cum</span> <span class='ocrx_word' id='word_1_572' title='bbox 2437 1030 2498 1069; x_wconf 90' lang='lat' dir='ltr'>fac</span> 
     </span>
     <span class='ocr_line' id='line_1_165' title="bbox 2115 1085 2475 1123; baseline -0.003 -1"><span class='ocrx_word' id='word_1_573' title='bbox 2115 1091 2198 1122; x_wconf 90' lang='lat' dir='ltr'>tum</span> <span class='ocrx_word' id='word_1_574' title='bbox 2218 1092 2319 1123; x_wconf 91' lang='lat' dir='ltr'>esset</span> <span class='ocrx_word' id='word_1_575' title='bbox 2337 1085 2475 1123; x_wconf 89' lang='lat' dir='ltr'>iterum</span> 
     </span>
     <span class='ocr_line' id='line_1_166' title="bbox 2115 1139 2502 1189; baseline 0 -13"><span class='ocrx_word' id='word_1_576' title='bbox 2115 1140 2221 1177; x_wconf 89' lang='lat' dir='ltr'>uenit</span> <span class='ocrx_word' id='word_1_577' title='bbox 2240 1140 2279 1177; x_wconf 92' lang='lat' dir='ltr'>in</span> <span class='ocrx_word' id='word_1_578' title='bbox 2297 1139 2445 1189; x_wconf 89' lang='lat' dir='ltr'>templo</span> <span class='ocrx_word' id='word_1_579' title='bbox 2464 1144 2502 1177; x_wconf 86' lang='lat' dir='ltr'>et</span> 
     </span>
     <span class='ocr_line' id='line_1_167' title="bbox 2115 1192 2502 1243; baseline 0 -13"><span class='ocrx_word' id='word_1_580' title='bbox 2115 1193 2317 1232; x_wconf 91' lang='lat' dir='ltr'>uniuersus</span> <span class='ocrx_word' id='word_1_581' title='bbox 2336 1192 2502 1243; x_wconf 92' lang='lat' dir='ltr'>populus</span> 
     </span>
     <span class='ocr_line' id='line_1_168' title="bbox 2114 1245 2471 1286; baseline 0 -2"><span class='ocrx_word' id='word_1_582' title='bbox 2114 1247 2403 1286; x_wconf 85' lang='lat' dir='ltr'>conueniebant</span> <span class='ocrx_word' id='word_1_583' title='bbox 2421 1245 2471 1284; x_wconf 91' lang='lat' dir='ltr'>ad</span> 
     </span>
    </p>

    <p class='ocr_par' dir='ltr' id='par_1_45' title="bbox 2113 1306 2556 1394">
     <span class='ocr_line' id='line_1_169' title="bbox 2113 1306 2556 1339; baseline -0.002 0"><span class='ocrx_word' id='word_1_584' title='bbox 2113 1313 2204 1339; x_wconf 89' lang='lat' dir='ltr'>eum</span> <span class='ocrx_word' id='word_1_585' title='bbox 2313 1308 2351 1339; x_wconf 91' lang='lat' dir='ltr'>et</span> <span class='ocrx_word' id='word_1_586' title='bbox 2370 1312 2459 1339; x_wconf 93' lang='lat' dir='ltr'>cum</span> <span class='ocrx_word' id='word_1_587' title='bbox 2479 1306 2556 1339; x_wconf 71' lang='lat' dir='ltr'>co*</span> 
     </span>
     <span class='ocr_line' id='line_1_170' title="bbox 2113 1355 2456 1394; baseline -0.003 -1"><span class='ocrx_word' id='word_1_588' title='bbox 2113 1355 2273 1393; x_wconf 88' lang='lat' dir='ltr'>sedisset</span> <span class='ocrx_word' id='word_1_589' title='bbox 2292 1355 2456 1394; x_wconf 91' lang='lat' dir='ltr'>docebat</span> 
     </span>
    </p>

    <p class='ocr_par' dir='ltr' id='par_1_46' title="bbox 2110 1408 2540 1610">
     <span class='ocr_line' id='line_1_171' title="bbox 2112 1408 2540 1447; baseline -0.002 0"><span class='ocrx_word' id='word_1_590' title='bbox 2112 1421 2180 1447; x_wconf 91' lang='lat' dir='ltr'>eos</span> <span class='ocrx_word' id='word_1_591' title='bbox 2302 1408 2471 1447; x_wconf 77' lang='lat' dir='ltr'>⁸scribae</span> <span class='ocrx_word' id='word_1_592' title='bbox 2491 1420 2540 1447; x_wconf 90' lang='lat' dir='ltr'>au</span> 
     </span>
     <span class='ocr_line' id='line_1_172' title="bbox 2112 1462 2500 1512; baseline 0.003 -12"><span class='ocrx_word' id='word_1_593' title='bbox 2112 1469 2190 1501; x_wconf 86' lang='lat' dir='ltr'>tem</span> <span class='ocrx_word' id='word_1_594' title='bbox 2210 1468 2248 1500; x_wconf 91' lang='lat' dir='ltr'>et</span> <span class='ocrx_word' id='word_1_595' title='bbox 2266 1462 2429 1512; x_wconf 87' lang='lat' dir='ltr'>pharisei</span> <span class='ocrx_word' id='word_1_596' title='bbox 2449 1462 2500 1501; x_wconf 89' lang='lat' dir='ltr'>ad</span> 
     </span>
     <span class='ocr_line' id='line_1_173' title="bbox 2111 1516 2438 1555; baseline -0.003 0"><span class='ocrx_word' id='word_1_597' title='bbox 2111 1517 2259 1555; x_wconf 89' lang='lat' dir='ltr'>ducunt</span> <span class='ocrx_word' id='word_1_598' title='bbox 2277 1516 2328 1554; x_wconf 87' lang='lat' dir='ltr'>ad</span> <span class='ocrx_word' id='word_1_599' title='bbox 2347 1529 2438 1555; x_wconf 88' lang='lat' dir='ltr'>eum</span> 
     </span>
     <span class='ocr_line' id='line_1_174' title="bbox 2110 1571 2482 1610; baseline 0 -1"><span class='ocrx_word' id='word_1_600' title='bbox 2110 1571 2312 1609; x_wconf 90' lang='lat' dir='ltr'>mulierem</span> <span class='ocrx_word' id='word_1_601' title='bbox 2332 1571 2372 1609; x_wconf 89' lang='lat' dir='ltr'>in</span> <span class='ocrx_word' id='word_1_602' title='bbox 2391 1582 2482 1610; x_wconf 92' lang='lat' dir='ltr'>moe</span> 
     </span>
    </p>
   </div>
   <div class='ocr_carea' id='block_1_13' title="bbox 2107 1699 2579 2984">
    <p class='ocr_par' dir='ltr' id='par_1_47' title="bbox 2108 1699 2579 2606">
     <span class='ocr_line' id='line_1_175' title="bbox 2111 1699 2460 1750; baseline -0.003 -11"><span class='ocrx_word' id='word_1_603' title='bbox 2111 1699 2321 1739; x_wconf 87' lang='lat' dir='ltr'>Cationem</span> <span class='ocrx_word' id='word_1_604' title='bbox 2340 1699 2460 1750; x_wconf 88' lang='lat' dir='ltr'>depre</span> 
     </span>
     <span class='ocr_line' id='line_1_176' title="bbox 2111 1755 2450 1805; baseline -0.003 -12"><span class='ocrx_word' id='word_1_605' title='bbox 2111 1755 2275 1793; x_wconf 90' lang='lat' dir='ltr'>hensam</span> <span class='ocrx_word' id='word_1_606' title='bbox 2331 1766 2450 1805; x_wconf 90' lang='lat' dir='ltr'>quam</span> 
     </span>
     <span class='ocr_line' id='line_1_177' title="bbox 2112 1808 2473 1848; baseline -0.003 -1"><span class='ocrx_word' id='word_1_607' title='bbox 2112 1821 2201 1847; x_wconf 92' lang='lat' dir='ltr'>cum</span> <span class='ocrx_word' id='word_1_608' title='bbox 2221 1808 2413 1848; x_wconf 89' lang='lat' dir='ltr'>statuisset</span> <span class='ocrx_word' id='word_1_609' title='bbox 2433 1808 2473 1846; x_wconf 91' lang='lat' dir='ltr'>in</span> 
     </span>
     <span class='ocr_line' id='line_1_178' title="bbox 2112 1863 2526 1901; baseline -0.002 0"><span class='ocrx_word' id='word_1_610' title='bbox 2112 1863 2243 1901; x_wconf 88' lang='lat' dir='ltr'>medio</span> <span class='ocrx_word' id='word_1_611' title='bbox 2326 1863 2526 1901; x_wconf 70' lang='lat' dir='ltr'>‘dixerunt</span> 
     </span>
     <span class='ocr_line' id='line_1_179' title="bbox 2112 1917 2461 1966; baseline -0.006 -11"><span class='ocrx_word' id='word_1_612' title='bbox 2112 1917 2162 1955; x_wconf 86' lang='lat' dir='ltr'>ad</span> <span class='ocrx_word' id='word_1_613' title='bbox 2180 1917 2261 1955; x_wconf 82' lang='lat' dir='ltr'>ihm</span> <span class='ocrx_word' id='word_1_614' title='bbox 2279 1917 2461 1966; x_wconf 86' lang='lat' dir='ltr'>magister</span> 
     </span>
     <span class='ocr_line' id='line_1_180' title="bbox 2111 1968 2499 2020; baseline -0.003 -12"><span class='ocrx_word' id='word_1_615' title='bbox 2111 1970 2207 2010; x_wconf 91' lang='lat' dir='ltr'>haec</span> <span class='ocrx_word' id='word_1_616' title='bbox 2226 1971 2363 2009; x_wconf 91' lang='lat' dir='ltr'>mulier</span> <span class='ocrx_word' id='word_1_617' title='bbox 2381 1968 2499 2020; x_wconf 86' lang='lat' dir='ltr'>depre</span> 
     </span>
     <span class='ocr_line' id='line_1_181' title="bbox 2112 2025 2525 2064; baseline -0.002 -1"><span class='ocrx_word' id='word_1_618' title='bbox 2112 2025 2235 2063; x_wconf 91' lang='lat' dir='ltr'>hensa</span> <span class='ocrx_word' id='word_1_619' title='bbox 2253 2031 2311 2064; x_wconf 90' lang='lat' dir='ltr'>est</span> <span class='ocrx_word' id='word_1_620' title='bbox 2329 2026 2369 2063; x_wconf 92' lang='lat' dir='ltr'>in</span> <span class='ocrx_word' id='word_1_621' title='bbox 2388 2035 2525 2063; x_wconf 86' lang='lat' dir='ltr'>moeca</span> 
     </span>
     <span class='ocr_line' id='line_1_182' title="bbox 2112 2077 2545 2118; baseline -0.007 0"><span class='ocrx_word' id='word_1_622' title='bbox 2112 2080 2216 2118; x_wconf 85' lang='lat' dir='ltr'>tione</span> <span class='ocrx_word' id='word_1_623' title='bbox 2432 2077 2545 2116; x_wconf 66' lang='lat' dir='ltr'>‘intel</span> 
     </span>
     <span class='ocr_line' id='line_1_183' title="bbox 2111 2132 2531 2183; baseline -0.005 -11"><span class='ocrx_word' id='word_1_624' title='bbox 2111 2134 2197 2183; x_wconf 88' lang='lat' dir='ltr'>lege</span> <span class='ocrx_word' id='word_1_625' title='bbox 2216 2138 2344 2171; x_wconf 89' lang='lat' dir='ltr'>autem</span> <span class='ocrx_word' id='word_1_626' title='bbox 2362 2132 2531 2183; x_wconf 87' lang='lat' dir='ltr'>precepit</span> 
     </span>
     <span class='ocr_line' id='line_1_184' title="bbox 2110 2186 2547 2237; baseline -0.002 -12"><span class='ocrx_word' id='word_1_627' title='bbox 2110 2188 2225 2226; x_wconf 88' lang='lat' dir='ltr'>nobis</span> <span class='ocrx_word' id='word_1_628' title='bbox 2243 2198 2400 2236; x_wconf 88' lang='lat' dir='ltr'>moyses</span> <span class='ocrx_word' id='word_1_629' title='bbox 2418 2192 2461 2224; x_wconf 93' lang='lat' dir='ltr'>ut</span> <span class='ocrx_word' id='word_1_630' title='bbox 2480 2186 2547 2237; x_wconf 92' lang='lat' dir='ltr'>qui</span> 
     </span>
     <span class='ocr_line' id='line_1_185' title="bbox 2110 2240 2520 2291; baseline -0.002 -11"><span class='ocrx_word' id='word_1_631' title='bbox 2110 2242 2151 2280; x_wconf 90' lang='lat' dir='ltr'>in</span> <span class='ocrx_word' id='word_1_632' title='bbox 2171 2241 2306 2280; x_wconf 91' lang='lat' dir='ltr'>alturio</span> <span class='ocrx_word' id='word_1_633' title='bbox 2325 2240 2520 2291; x_wconf 73' lang='lat' dir='ltr'>deprehe‘</span> 
     </span>
     <span class='ocr_line' id='line_1_186' title="bbox 2110 2295 2476 2345; baseline -0.005 -11"><span class='ocrx_word' id='word_1_634' title='bbox 2110 2295 2211 2334; x_wconf 90' lang='lat' dir='ltr'>ditur</span> <span class='ocrx_word' id='word_1_635' title='bbox 2229 2295 2418 2345; x_wconf 89' lang='lat' dir='ltr'>lapidetur</span> <span class='ocrx_word' id='word_1_636' title='bbox 2435 2301 2476 2333; x_wconf 90' lang='lat' dir='ltr'>tu</span> 
     </span>
     <span class='ocr_line' id='line_1_187' title="bbox 2110 2348 2532 2400; baseline -0.005 -12"><span class='ocrx_word' id='word_1_637' title='bbox 2110 2356 2240 2388; x_wconf 91' lang='lat' dir='ltr'>autem</span> <span class='ocrx_word' id='word_1_638' title='bbox 2259 2349 2351 2400; x_wconf 92' lang='lat' dir='ltr'>quid</span> <span class='ocrx_word' id='word_1_639' title='bbox 2370 2349 2464 2387; x_wconf 90' lang='lat' dir='ltr'>dicis</span> <span class='ocrx_word' id='word_1_640' title='bbox 2483 2348 2532 2386; x_wconf 89' lang='lat' dir='ltr'>de</span> 
     </span>
     <span class='ocr_line' id='line_1_188' title="bbox 2108 2403 2579 2442; baseline -0.002 0"><span class='ocrx_word' id='word_1_641' title='bbox 2108 2415 2157 2442; x_wconf 89' lang='lat' dir='ltr'>ea</span> <span class='ocrx_word' id='word_1_642' title='bbox 2264 2404 2378 2442; x_wconf 68' lang='lat' dir='ltr'>“haec</span> <span class='ocrx_word' id='word_1_643' title='bbox 2398 2403 2579 2442; x_wconf 88' lang='lat' dir='ltr'>dicebant</span> 
     </span>
     <span class='ocr_line' id='line_1_189' title="bbox 2108 2462 2512 2508; baseline -0.002 -12"><span class='ocrx_word' id='word_1_644' title='bbox 2108 2462 2342 2508; x_wconf 88' lang='lat' dir='ltr'>temptantes</span> <span class='ocrx_word' id='word_1_645' title='bbox 2361 2469 2451 2496; x_wconf 89' lang='lat' dir='ltr'>eum</span> <span class='ocrx_word' id='word_1_646' title='bbox 2470 2463 2512 2496; x_wconf 92' lang='lat' dir='ltr'>ut</span> 
     </span>
     <span class='ocr_line' id='line_1_190' title="bbox 2109 2511 2472 2551; baseline 0 -1"><span class='ocrx_word' id='word_1_647' title='bbox 2109 2511 2294 2551; x_wconf 90' lang='lat' dir='ltr'>haberent</span> <span class='ocrx_word' id='word_1_648' title='bbox 2313 2523 2472 2550; x_wconf 87' lang='lat' dir='ltr'>causam</span> 
     </span>
     <span class='ocr_line' id='line_1_191' title="bbox 2109 2566 2429 2606; baseline -0.003 -1"><span class='ocrx_word' id='word_1_649' title='bbox 2109 2566 2320 2606; x_wconf 81' lang='lat' dir='ltr'>adcusandi</span> <span class='ocrx_word' id='word_1_650' title='bbox 2339 2578 2429 2605; x_wconf 88' lang='lat' dir='ltr'>eum</span> 
     </span>
    </p>

    <p class='ocr_par' dir='ltr' id='par_1_48' title="bbox 2107 2620 2535 2984">
     <span class='ocr_line' id='line_1_192' title="bbox 2108 2620 2525 2659; baseline -0.002 0"><span class='ocrx_word' id='word_1_651' title='bbox 2108 2620 2175 2659; x_wconf 87' lang='lat' dir='ltr'>Ihs</span> <span class='ocrx_word' id='word_1_652' title='bbox 2195 2627 2324 2659; x_wconf 88' lang='lat' dir='ltr'>autem</span> <span class='ocrx_word' id='word_1_653' title='bbox 2343 2620 2525 2659; x_wconf 90' lang='lat' dir='ltr'>inclinato</span> 
     </span>
     <span class='ocr_line' id='line_1_193' title="bbox 2109 2675 2514 2726; baseline -0.005 -12"><span class='ocrx_word' id='word_1_654' title='bbox 2109 2675 2232 2726; x_wconf 90' lang='lat' dir='ltr'>capite</span> <span class='ocrx_word' id='word_1_655' title='bbox 2252 2675 2373 2724; x_wconf 89' lang='lat' dir='ltr'>digito</span> <span class='ocrx_word' id='word_1_656' title='bbox 2392 2675 2514 2713; x_wconf 87' lang='lat' dir='ltr'>scribe</span> 
     </span>
     <span class='ocr_line' id='line_1_194' title="bbox 2110 2728 2523 2768; baseline -0.002 -1"><span class='ocrx_word' id='word_1_657' title='bbox 2110 2730 2175 2768; x_wconf 91' lang='lat' dir='ltr'>bat</span> <span class='ocrx_word' id='word_1_658' title='bbox 2194 2730 2233 2767; x_wconf 90' lang='lat' dir='ltr'>in</span> <span class='ocrx_word' id='word_1_659' title='bbox 2252 2736 2392 2767; x_wconf 86' lang='lat' dir='ltr'>terram</span> <span class='ocrx_word' id='word_1_660' title='bbox 2410 2728 2523 2767; x_wconf 70' lang='lat' dir='ltr'>&#39;cum</span> 
     </span>
     <span class='ocr_line' id='line_1_195' title="bbox 2108 2783 2521 2832; baseline -0.01 -9"><span class='ocrx_word' id='word_1_661' title='bbox 2108 2790 2239 2822; x_wconf 87' lang='lat' dir='ltr'>autem</span> <span class='ocrx_word' id='word_1_662' title='bbox 2255 2783 2521 2832; x_wconf 77' lang='lat' dir='ltr'>interrogare-</span> 
     </span>
     <span class='ocr_line' id='line_1_196' title="bbox 2108 2843 2463 2887; baseline -0.006 -11"><span class='ocrx_word' id='word_1_663' title='bbox 2108 2843 2356 2887; x_wconf 82' lang='lat' dir='ltr'>expectantes</span> <span class='ocrx_word' id='word_1_664' title='bbox 2374 2847 2463 2875; x_wconf 87' lang='lat' dir='ltr'>eum</span> 
     </span>
     <span class='ocr_line' id='line_1_197' title="bbox 2108 2890 2525 2942; baseline -0.002 -13"><span class='ocrx_word' id='word_1_665' title='bbox 2108 2890 2202 2942; x_wconf 91' lang='lat' dir='ltr'>quid</span> <span class='ocrx_word' id='word_1_666' title='bbox 2221 2890 2366 2929; x_wconf 88' lang='lat' dir='ltr'>diceret</span> <span class='ocrx_word' id='word_1_667' title='bbox 2486 2895 2525 2928; x_wconf 92' lang='lat' dir='ltr'>et</span> 
     </span>
     <span class='ocr_line' id='line_1_198' title="bbox 2107 2942 2535 2984; baseline -0.002 -1"><span class='ocrx_word' id='word_1_668' title='bbox 2107 2945 2228 2984; x_wconf 84' lang='lat' dir='ltr'>erexit</span> <span class='ocrx_word' id='word_1_669' title='bbox 2246 2956 2288 2984; x_wconf 89' lang='lat' dir='ltr'>se</span> <span class='ocrx_word' id='word_1_670' title='bbox 2307 2950 2345 2983; x_wconf 91' lang='lat' dir='ltr'>et</span> <span class='ocrx_word' id='word_1_671' title='bbox 2363 2942 2459 2983; x_wconf 85' lang='lat' dir='ltr'>dixit</span> <span class='ocrx_word' id='word_1_672' title='bbox 2478 2944 2535 2983; x_wconf 85' lang='lat' dir='ltr'>eis</span> 
     </span>
    </p>
   </div>
  </div>
 </body>
</html>
