2866 3346
482 215 530 251 14

480 291 565 322 1⁸01.
583 290 640 324 27.

482 334 620 373 Cidisti
640 333 679 371 in
698 332 887 382 templum
907 336 948 371 et

482 389 581 427 inter
599 387 715 426 altare
768 386 919 426 ⁸“amen

481 443 570 481 dico
589 442 702 480 uobis
721 442 850 480 ueniet
868 441 966 479 haec

480 497 614 536 omnia
633 507 750 546 super
767 507 911 545 genera

481 551 630 589 tionem
649 550 760 587 istam

479 614 592 642 vall
602 603 869 642 ”Hierusalem
877 603 985 642 hieru

481 658 601 697 salem
621 670 721 708 quae
739 657 884 696 occidis

480 712 689 763 prophetas
710 718 749 750 et
768 711 916 761 lapidas

480 779 549 805 eos
568 767 636 817 qui
655 767 705 805 ad
718 773 755 804 te
769 766 876 804 missi
896 772 985 805 sunt

481 822 663 872 quotiens
681 820 788 859 uolui
807 832 884 859 con

480 887 640 925 gregare
660 874 757 913 filios
776 881 865 914 tuos

481 929 815 980 quemadmodum
834 927 899 978 gal

478 984 558 1022 lina
576 995 819 1033 congregans
838 982 903 1033 pul

480 1038 562 1076 lum
582 1050 674 1076 suos
694 1038 767 1075 sub
787 1037 857 1074 alis
877 1036 956 1075 suis

484 1092 553 1130 sed
572 1091 749 1130 noluistis
770 1090 895 1129 ³⁸ecce
914 1102 956 1129 re

483 1146 669 1196 linquitur
687 1146 801 1184 uobis
822 1145 874 1183 do

481 1213 568 1239 mus
587 1207 715 1238 uestra
805 1198 929 1238 ”dico

481 1262 610 1293 autem
630 1253 743 1293 uobis
763 1254 856 1303 quia

480 1321 560 1348 non
581 1321 644 1347 me
662 1308 840 1346 uidebitis
859 1319 883 1346 a

480 1363 600 1402 modo
620 1363 744 1401 donec
764 1362 897 1400 dicatis

481 1417 709 1456 benedictus
730 1416 795 1466 qui
815 1416 919 1455 uenit

480 1472 521 1510 in
543 1472 702 1510 nomine
721 1471 802 1509 dmi

480 1534 612 1563 LXUIH
637 1534 674 1564 24
703 1524 782 1571 ¹E‚t
816 1537 986 1574 egressus

847 1576 926 1631 [ins
944 1579 987 1616 de

425 1633 431 1639 ⁴
481 1634 628 1685 templo
647 1635 726 1672 ibat
745 1639 782 1672 et
802 1633 918 1671 adces

482 1721 623 1760 Serunt
642 1719 814 1770 discipuli
832 1719 917 1759 eius

480 1783 521 1814 ut
541 1775 788 1814 ostenderent
807 1774 843 1812 ei

479 1837 710 1868 structuram
729 1828 863 1878 templi

481 1883 591 1934 ²Ipse
599 1892 729 1922 autem
742 1881 983 1932 respondens

481 1939 576 1976 dixit
595 1938 667 1976 illis
687 1937 824 1975 uidetis
844 1937 941 1975 baec

481 1993 614 2031 omnia
668 2004 783 2030 amen
806 1991 895 2030 dico

480 2047 593 2086 uobis
611 2058 693 2084 non
713 2046 884 2096 relinque

482 2107 544 2139 tur
563 2100 625 2140 hic
645 2100 743 2150 lapis
763 2111 879 2149 super
898 2098 936 2137 la

481 2154 611 2205 pidem
630 2155 697 2205 qui
714 2166 796 2192 non
815 2154 885 2192 des

480 2215 629 2247 truatur

481 2263 669 2302 ⁸Sedente
688 2268 818 2300 autern
837 2261 925 2311 ipso

481 2330 597 2368 super
614 2323 788 2355 montem
809 2315 861 2354 oli

480 2371 559 2410 ueti
614 2376 863 2410 accesserunt

481 2426 532 2464 ad
552 2437 641 2464 eum
662 2424 840 2475 discipuli
860 2435 902 2463 se

482 2487 589 2518 creto
609 2479 782 2518 dicentes
800 2477 862 2517 die

481 2534 594 2573 nobis
614 2533 772 2585 quando
791 2532 888 2572 haec

479 2594 591 2626 erunt

481 2641 533 2679 Et
550 2641 656 2692 quod
677 2641 832 2691 signum
850 2640 901 2679 ad

481 2701 619 2733 uentus
638 2695 691 2733 tui
710 2702 747 2733 et
765 2707 843 2734 con

479 2749 760 2788 summationes
778 2761 819 2788 se

479 2803 558 2842 culi

479 2857 554 2896 ⁴Et
572 2854 811 2907 respondens
830 2855 888 2894 ihs
907 2856 947 2895 di

481 2911 538 2950 xit
557 2910 630 2949 illis
649 2910 776 2948 uidete
796 2922 846 2948 ne
865 2911 953 2961 quis

481 2977 555 3005 uos
573 2963 731 3005 seducat
749 2963 827 3003 ullo
846 2976 914 3004 mo

723 199 1137 239 EUANGELIUM
1169 198 1281 239 SEC

1018 331 1084 370 Do
1103 331 1234 369 ¹⁵multi
1253 330 1358 370 enirn
1376 328 1468 369 ueni

1018 392 1084 425 ent
1103 386 1143 423 in
1162 386 1322 424 nomine
1340 397 1431 424 meo

1019 440 1191 478 dicentes
1210 452 1285 490 ego
1305 452 1391 478 sum

1019 497 1095 544 xps
1113 500 1152 532 et
1171 495 1313 533 multus
1332 494 1428 533 sedu

1020 555 1109 587 cent

1016 603 1274 642 ⁶Audientem
1294 602 1440 654 proelia

1018 664 1056 696 et
1075 658 1282 707 opiniones
1302 658 1450 708 proelio

1018 723 1104 749 rum
1123 711 1249 750 uidete
1269 724 1318 750 ne
1337 718 1397 750 tur

1018 766 1163 804 bemini
1181 774 1333 816 oportet
1351 767 1443 804 eni*

1018 819 1115 859 haec
1134 821 1213 859 fieri
1233 821 1302 859 sed
1321 820 1488 859 nondu-

1019 880 1077 913 est
1096 874 1182 913 finis

1019 928 1222 978 ⁷Insurget
1241 929 1344 967 enirn
1364 940 1463 978 gens

1019 989 1157 1021 contra
1175 990 1331 1030 gentem
1351 989 1389 1021 et

1019 1049 1182 1086 regnum
1202 1044 1338 1075 contra
1355 1049 1424 1086 reg

1018 1102 1114 1129 num
1133 1098 1171 1129 et
1190 1097 1299 1129 erunt
1320 1091 1432 1130 famis

1019 1152 1058 1183 et
1077 1151 1175 1183 terre
1195 1153 1325 1184 motus
1345 1157 1415 1195 per

1017 1198 1104 1239 loca
1122 1198 1239 1237 ”haee
1260 1206 1390 1238 autem

1017 1253 1150 1292 omnia
1170 1253 1277 1292 initia
1297 1260 1387 1292 sunt

1017 1307 1196 1346 dolorum

1017 1362 1155 1400 ⁹Tunc
1177 1362 1330 1400 tradent
1348 1374 1419 1401 uos
1437 1362 1478 1400 in

1017 1416 1303 1454 tribulationem
1323 1423 1361 1455 et

1019 1470 1198 1509 occident
1217 1483 1290 1509 uos
1310 1478 1348 1509 et
1367 1470 1422 1509 eri

1019 1524 1067 1563 tis
1086 1525 1178 1563 odio
1197 1525 1380 1564 omnibus

1019 1579 1199 1630 gentibus
1218 1586 1374 1630 propter

1018 1732 1164 1758 nomen
1183 1732 1316 1759 meum

1019 1774 1103 1813 ¹⁰Et
1115 1781 1206 1813 tunc
1219 1774 1491 1814 scandalizabu

1018 1835 1079 1867 tur
1098 1830 1207 1867 multi
1227 1836 1264 1867 et
1284 1830 1410 1868 inuice

1020 1895 1060 1921 se
1080 1883 1233 1922 tradent
1252 1890 1290 1921 et
1309 1884 1402 1922 odio

1018 1937 1216 1976 habebunt
1236 1938 1275 1975 in
1295 1938 1456 1976 inuice-

1018 1991 1104 2030 ¹¹Et
1123 1992 1233 2030 multi
1253 1992 1478 2042 pseudopro

1020 2046 1095 2084 sete
1116 2047 1312 2097 insurgent
1331 2053 1370 2085 et
1389 2058 1431 2085 se

1020 2101 1162 2139 ducent
1180 2101 1324 2139 multos
1343 2100 1414 2139 ¹²et

1019 2155 1206 2204 quoniam
1225 2154 1437 2193 abundauit

1019 2208 1198 2259 iniquitas
1218 2208 1428 2258 refrigiscet

1019 2263 1157 2301 caritas
1175 2263 1386 2301 multorum

1019 2316 1047 2338 ¹⁸
1056 2316 1135 2363 Qui
1155 2324 1285 2356 autem
1304 2329 1467 2367 perman

1019 2371 1109 2409 serit
1128 2382 1250 2421 usque
1269 2371 1319 2409 ad
1339 2371 1457 2410 finem

1018 2423 1081 2463 hic
1101 2425 1229 2463 saluus
1248 2425 1318 2463 erit

1018 2478 1046 2500 ¹⁴
1054 2478 1105 2517 Et
1123 2479 1383 2529 predicabitur
1402 2478 1476 2518 hoc

1018 2533 1265 2583 euangelium
1284 2533 1395 2582 regni

1017 2587 1058 2626 in
1076 2588 1257 2626 uniuerso
1277 2588 1372 2626 orbe

1017 2642 1058 2681 in
1076 2641 1336 2680 testimonium
1356 2652 1422 2680 om

1019 2695 1133 2734 nibus
1153 2696 1336 2746 gentibus
1355 2703 1394 2735 et

1018 2757 1110 2789 tunc
1130 2750 1259 2789 ueniet
1277 2760 1443 2789 consum

1017 2805 1137 2843 matio

1017 2857 1150 2896 ¹⁵Cum
1171 2870 1269 2908 ergo
1287 2857 1464 2897 uideritis

1017 2912 1347 2951 abominationem
1367 2913 1416 2951 de

1017 2965 1214 3005 solationis
1232 2966 1338 3016 quod
1356 2967 1418 3006 dic

1871 197 1961 238 MA
1972 198 2050 238 ΤΤ
2042 198 2087 237 Ε
2089 198 2184 238 UM
2230 196 2359 253 [xxm.
2381 213 2555 248 35—xxrv.
2575 216 2629 250 37.

1591 287 1674 318 1³01.
1692 286 1752 318 28.

1591 330 1698 369 Tum
1718 336 1775 368 est
1795 342 1821 369 a
1837 329 1964 369 daniel
1983 342 2055 381 pro

1591 384 1708 435 pheta
1727 391 1833 423 stans
1852 385 1891 422 in
1911 384 1999 423 loco

1591 443 1660 477 sco
1680 438 1746 488 qui
1765 438 1865 489 leget
1883 438 2011 477 intelle

1591 499 1656 541 gat

1591 547 1618 569 ¹⁶
1627 547 1742 585 Tunc
1753 546 1818 596 qui
1830 546 1869 584 in
1882 546 1995 585 iudea
2007 552 2095 585 sunt

1592 601 1738 652 fugiant
1758 602 1798 639 in
1816 602 2013 640 montibus

1592 655 1619 676 ¹⁷
1627 663 1664 694 et
1679 656 1745 706 qui
1760 656 1799 693 in
1814 661 1916 694 tecto
1930 667 2011 693 non
2026 654 2094 693 des

1592 711 1762 748 cendant
1845 709 1980 748 tollere
1999 709 2049 748 ali

1592 763 1686 815 quid
1705 764 1754 803 de
1774 763 1893 802 domo
1912 763 1982 802 1*³et
2001 763 2067 814 qui

1592 819 1632 856 in
1652 830 1747 868 agro
1766 825 1854 857 sunt
1873 829 1953 856 non
1972 830 2013 856 re

1591 879 1763 911 uertatur
1781 872 1912 911 tollere
1931 878 1973 911 tu

1592 927 1720 965 nicam
1740 938 1850 965 suam

1591 980 1711 1019 ¹⁹Uae
1726 989 1854 1019 autem
1867 980 2096 1031 pelegrina-

1592 1035 1695 1073 tibus
1714 1041 1752 1073 et
1771 1035 2027 1074 nutrientibus

1593 1090 1633 1127 in
1653 1089 1729 1127 illis
1749 1089 1887 1128 diebus

1592 1143 1746 1182 ”Orate
1765 1151 1896 1182 autem
1915 1149 1958 1181 ut
1977 1154 2059 1182 non

1591 1198 1658 1236 fiat
1676 1197 1769 1247 fuga
1787 1205 1914 1237 uestra
1933 1197 1996 1236 hie

1592 1264 1655 1290 me
1673 1252 1735 1290 uel
1754 1253 1916 1292 sabbato

1592 1306 1710 1344 ”Erit
1729 1307 1832 1344 enim
1852 1306 2046 1344 tribulatio

1593 1373 1736 1410 magna
1755 1360 1876 1410 qualis
1895 1372 1975 1398 non
1994 1360 2034 1398 su

1593 1415 1620 1452 it
1639 1416 1689 1453 ab
1708 1415 1815 1453 initio
1836 1415 1952 1453 seculi
1972 1426 2018 1452 us

1622 1481 1670 1507 ue
1689 1469 1810 1507 modo
1830 1481 1878 1507 ne
1909 1482 1956 1507 ue
1976 1469 2024 1506 fie

1592 1481 1622 1544 ἓ
1632 1523 1682 1561 Et
1689 1524 1762 1560 nisi
1770 1482 1930 1561 breuigti
1937 1475 2095 1561 fuiss'ent

1593 1577 1673 1616 dies
1692 1577 1745 1615 illi
1764 1589 1845 1616 non
1865 1577 1972 1616 fieret

1593 1719 1708 1758 Salua
1728 1719 1855 1758 omnis
1875 1731 1966 1758 caro

1594 1774 1662 1812 sed
1683 1782 1839 1824 propter
1859 1774 2005 1812 electos

1592 1829 1870 1867 breuiabuntur
1889 1828 1971 1867 dies

1593 1883 1645 1920 illi

1593 1938 1622 1959 ²⁸
1629 1937 1743 1976 Tunc
1751 1937 1781 1975 si
1791 1937 1877 1988 quis
1884 1936 1996 1975 uobis
2007 1936 2097 1975 dixe

1592 1992 1639 2030 rit
1651 2004 1741 2030 ecce
1752 1990 1814 2030 hic
1826 1994 1901 2042 xps
1913 1991 1985 2029 ²⁴et
1998 2003 2096 2041 pseu

1592 2045 1815 2096 doprofetae
1835 2052 1872 2084 et
1891 2045 2040 2084 dabunt

1592 2100 1703 2150 signa
1721 2111 1866 2150 magna
1884 2105 1922 2138 et
1941 2111 2014 2149 pro

1591 2154 1697 2204 digia
1716 2154 1768 2192 ita
1787 2161 1828 2191 ut
1848 2155 1887 2192 in
1907 2165 1995 2192 erro

1592 2220 1676 2247 rem
1694 2208 1927 2247 inducantur

1591 2263 1621 2301 si
1642 2262 1723 2300 fieri
1742 2269 1870 2312 potest
1888 2262 2003 2301 etiam

1589 2316 1702 2355 electi
1721 2315 1848 2356 ²⁵ecce
1867 2316 2018 2368 predixi

1589 2371 1703 2410 uobis

1588 2426 1617 2447 ²⁶
1625 2424 1664 2463 Si
1684 2430 1812 2463 autem
1833 2424 1997 2464 dixerint
2015 2436 2069 2464 uo

1590 2479 1650 2517 bis
1669 2491 1761 2517 ecce
1780 2479 1820 2517 in
1839 2479 1994 2518 deserto

1590 2540 1648 2572 est
1667 2533 1784 2571 nolite
1803 2534 1907 2571 exire
1927 2539 1994 2571 aut

1590 2599 1683 2626 ecce
1703 2587 1742 2625 in
1761 2587 2020 2639 penetralibus

1591 2641 1710 2680 nolite
1729 2642 1884 2681 credere

1588 2695 1726 2734 ²⁷Sicut
1745 2696 1849 2734 enim
1869 2696 1997 2747 fulgur
2015 2708 2037 2735 e

1590 2750 1644 2788 xit
1663 2751 1715 2788 ab
1732 2751 1880 2790 oriente
1899 2758 1937 2790 et
1956 2750 2006 2790 ad

1591 2810 1699 2854 paret
1717 2816 1841 2856 usque
1859 2805 1899 2843 in
1918 2817 1972 2844 no

1589 2865 1701 2897 cente
1720 2858 1771 2897 ita
1789 2859 1859 2898 erit
1879 2865 1917 2898 et
1935 2858 1986 2898 ad

1588 2919 1706 2951 uentu
1725 2912 1776 2951 fili
1794 2913 1963 2952 hominis

1587 2966 1870 3019 ²⁸Ubicurnque
1889 2966 1991 3007 enim

2124 329 2255 370 Fuerit
2273 343 2417 383 corpus
2436 331 2525 374 illuc
2547 339 2630 373 co-

2124 386 2387 435 gregabuntur
2405 386 2497 438 aqui

2123 439 2184 477 lae
2508 437 2630 494 [tribu

2125 492 2300 532 29Statim
2355 501 2485 533 autem
2540 501 2630 545 post

2126 547 2314 586 lationem
2334 548 2483 587 dierum
2501 549 2529 587 il

2128 601 2251 640 lorum
2271 602 2330 640 sol
2348 603 2517 642 obscura

2127 655 2228 693 bitur
2246 663 2284 694 et
2302 656 2393 695 luna
2411 669 2491 696 non
2511 657 2562 696 da

2127 710 2182 747 bit
2200 710 2331 748 lumen
2351 722 2464 748 suum
2483 718 2521 750 et

2128 763 2258 802 stellae
2277 763 2415 803 cadent
2434 765 2482 803 de
2500 764 2587 804 celo

2128 824 2166 856 et
2184 818 2341 856 uirtutes
2360 818 2558 857 caelorum

2128 873 2388 910 mouebuntur
2406 880 2444 911 et
2461 879 2555 911 tunc

2127 926 2274 976 parebit
2293 927 2448 977 signum
2466 926 2519 965 fili
2537 926 2591 966 ho

2128 981 2245 1019 minis
2265 982 2304 1020 in
2323 981 2432 1020 caelo

2129 1034 2215 1073 ³⁰Et
2224 1043 2314 1074 tunc
2322 1035 2507 1086 plangent
2515 1047 2555 1074 se
2562 1045 2631 1074 om

2129 1101 2199 1128 nes
2218 1090 2338 1128 tribus
2359 1097 2479 1128 terrae
2499 1097 2538 1128 et

2128 1143 2316 1182 uidebunt
2334 1143 2454 1182 filium
2473 1143 2526 1183 ho

2128 1198 2244 1236 minis
2262 1198 2483 1236 uenientem
2503 1198 2544 1236 in

2127 1252 2296 1291 nubibus
2316 1252 2411 1290 caeli
2431 1264 2520 1290 cum

2127 1308 2266 1344 uirtute
2285 1307 2405 1345 multa
2423 1313 2461 1345 et
2480 1318 2546 1345 ma

2128 1360 2261 1398 iestate

2129 1413 2214 1452 ⁸¹Et
2227 1415 2349 1452 mittet
2364 1414 2526 1464 angelos
2540 1426 2632 1453 suos

2129 1480 2219 1507 cum
2240 1469 2334 1507 tuba
2352 1476 2390 1507 et
2409 1481 2509 1508 uoce

2129 1534 2274 1572 magna
2292 1530 2329 1561 et
2347 1535 2546 1572 congrega

2129 1577 2225 1615 bunt
2243 1576 2364 1616 eletos
2383 1578 2464 1616 eius
2483 1589 2506 1616 a
2525 1583 2618 1629 quat

2131 1719 2243 1758 Tuor
2261 1720 2389 1758 uentis
2408 1732 2431 1758 a
2451 1719 2613 1759 summis

2130 1775 2326 1813 caelorum
2346 1786 2468 1825 usque
2487 1774 2538 1813 ad

2130 1829 2314 1867 terminos
2333 1840 2469 1867 eorum

2130 1882 2202 1920 82Α
2214 1883 2276 1921 fici
2288 1890 2415 1921 autem
2424 1883 2559 1921 arbore
2571 1881 2631 1921 dis

2131 1937 2204 1975 cite
2227 1936 2452 1987 parabolam
2472 1936 2563 1974 intel

2129 1991 2243 2040 legite
2311 2002 2402 2029 cum
2414 1990 2491 2028 iarn
2502 2002 2631 2030 ramus

2130 2045 2210 2084 eius
2230 2051 2336 2083 tener
2353 2044 2464 2083 fuerit
2483 2051 2520 2082 et
2539 2044 2579 2083 fo

2130 2099 2179 2137 lia
2198 2105 2407 2138 nascuntur
2425 2099 2528 2137 scitis

2129 2154 2220 2203 quia
2238 2166 2358 2205 prope
2377 2160 2435 2191 est
2455 2159 2580 2192 aestas

2129 2207 2219 2246 mita
2237 2214 2275 2246 et
2293 2219 2366 2246 uos
2388 2219 2478 2246 cum
2497 2206 2619 2246 uideri

2128 2261 2177 2300 tis
2196 2261 2293 2300 haec
2311 2262 2443 2301 omnia
2457 2261 2594 2300 scitote

2129 2316 2220 2366 quia
2231 2328 2351 2366 prope
2359 2322 2417 2354 est
2429 2316 2468 2353 in
2480 2315 2630 2354 ieiuniis

2128 2370 2292 2408 “Amen
2312 2370 2399 2409 dico
2414 2371 2526 2409 uobis
2541 2370 2632 2420 quia

2129 2436 2210 2463 non
2229 2424 2421 2475 preteriuit
2441 2424 2537 2462 haec

2127 2479 2323 2529 generatio
2343 2478 2468 2518 donec
2487 2478 2584 2518 haec

2127 2534 2260 2572 omnia
2278 2533 2373 2572 fiant

2127 2587 2327 2626 ”Caelum
2346 2593 2384 2626 et
2402 2593 2502 2626 terra
2519 2593 2605 2626 tran

2126 2642 2255 2681 sibunt
2273 2642 2435 2681 uerbum
2454 2647 2570 2680 aute-

2128 2695 2203 2735 hoc
2221 2708 2303 2735 non
2322 2695 2517 2746 preteribit

2126 2750 2223 2790 ”De
2250 2751 2314 2789 die
2341 2756 2471 2788 autem
2499 2747 2563 2787 illa
2590 2753 2631 2786 et

2517 2799 2631 2854 [hora

2124 2869 2242 2897 nemo
2261 2856 2331 2895 scit
2349 2867 2477 2907 neque
2495 2868 2547 2895 an

2123 2911 2198 2961 geli
2219 2910 2414 2949 caelorum
2433 2922 2564 2961 neque

2122 2965 2221 3003 filius
2241 2964 2314 3003 nisi
2334 2971 2441 3015 pater
2460 2965 2568 3003 solus

2121 3019 2265 3059 ”Sicut
2283 3026 2414 3059 autem
2433 3019 2473 3058 in
2491 3019 2630 3059 diebus
