<?xml version="1.0" encoding="UTF-8"?>
<!DOCTYPE html PUBLIC "-//W3C//DTD XHTML 1.0 Transitional//EN"
    "http://www.w3.org/TR/xhtml1/DTD/xhtml1-transitional.dtd">
<html xmlns="http://www.w3.org/1999/xhtml" xml:lang="en" lang="en">
 <head>
  <title>
</title>
<meta http-equiv="Content-Type" content="text/html;charset=utf-8" />
  <meta name='ocr-system' content='tesseract 3.04.00' />
  <meta name='ocr-capabilities' content='ocr_page ocr_carea ocr_par ocr_line ocrx_word'/>
</head>
<body>
  <div class='ocr_page' id='page_1' title='image "./fourgospelsfromc00bibluoft_0032.png"; bbox 0 0 2866 3346; ppageno 0'>
   <div class='ocr_carea' id='block_1_1' title="bbox 491 213 539 251">
    <p class='ocr_par' dir='ltr' id='par_1_1' title="bbox 491 213 539 251">
     <span class='ocr_line' id='line_1_1' title="bbox 491 213 539 251; baseline 0.042 -2"><span class='ocrx_word' id='word_1_1' title='bbox 491 213 539 251; x_wconf 87' lang='lat'>16</span> 
     </span>
    </p>
   </div>
   <div class='ocr_carea' id='block_1_2' title="bbox 489 300 994 1682">
    <p class='ocr_par' dir='ltr' id='par_1_2' title="bbox 489 300 994 1682">
     <span class='ocr_line' id='line_1_2' title="bbox 490 300 647 332; baseline 0.006 -2"><span class='ocrx_word' id='word_1_2' title='bbox 490 300 573 331; x_wconf 69' lang='lat' dir='ltr'>Pol.</span> <span class='ocrx_word' id='word_1_3' title='bbox 590 301 647 332; x_wconf 83' lang='lat'>31.</span> 
     </span>
     <span class='ocr_line' id='line_1_3' title="bbox 493 342 946 382; baseline -0.002 -1"><span class='ocrx_word' id='word_1_4' title='bbox 493 343 626 382; x_wconf 88' lang='lat' dir='ltr'>Habet</span> <span class='ocrx_word' id='word_1_5' title='bbox 646 342 783 381; x_wconf 90' lang='lat' dir='ltr'>decem</span> <span class='ocrx_word' id='word_1_6' title='bbox 802 342 946 381; x_wconf 89' lang='lat' dir='ltr'>talenta</span> 
     </span>
     <span class='ocr_line' id='line_1_4' title="bbox 490 397 931 436; baseline -0.002 -1"><span class='ocrx_word' id='word_1_7' title='bbox 490 397 632 435; x_wconf 77' lang='lat' dir='ltr'>²⁹omni</span> <span class='ocrx_word' id='word_1_8' title='bbox 652 397 756 436; x_wconf 92' lang='lat' dir='ltr'>enim</span> <span class='ocrx_word' id='word_1_9' title='bbox 776 397 931 435; x_wconf 88' lang='lat' dir='ltr'>habenti</span> 
     </span>
     <span class='ocr_line' id='line_1_5' title="bbox 491 451 929 490; baseline -0.005 0"><span class='ocrx_word' id='word_1_10' title='bbox 491 451 642 490; x_wconf 92' lang='lat' dir='ltr'>dabitur</span> <span class='ocrx_word' id='word_1_11' title='bbox 661 458 699 490; x_wconf 91' lang='lat' dir='ltr'>et</span> <span class='ocrx_word' id='word_1_12' title='bbox 718 451 929 489; x_wconf 92' lang='lat' dir='ltr'>abundauit</span> 
     </span>
     <span class='ocr_line' id='line_1_6' title="bbox 491 505 991 556; baseline -0.004 -12"><span class='ocrx_word' id='word_1_13' title='bbox 491 506 526 544; x_wconf 93' lang='lat' dir='ltr'>ei</span> <span class='ocrx_word' id='word_1_14' title='bbox 547 513 677 544; x_wconf 92' lang='lat' dir='ltr'>autem</span> <span class='ocrx_word' id='word_1_15' title='bbox 693 506 759 556; x_wconf 92' lang='lat' dir='ltr'>qui</span> <span class='ocrx_word' id='word_1_16' title='bbox 775 517 855 543; x_wconf 87' lang='lat' dir='ltr'>non</span> <span class='ocrx_word' id='word_1_17' title='bbox 875 505 991 543; x_wconf 92' lang='lat' dir='ltr'>habet</span> 
     </span>
     <span class='ocr_line' id='line_1_7' title="bbox 490 559 936 610; baseline -0.004 -12"><span class='ocrx_word' id='word_1_18' title='bbox 490 567 530 598; x_wconf 92' lang='lat' dir='ltr'>et</span> <span class='ocrx_word' id='word_1_19' title='bbox 548 560 655 610; x_wconf 93' lang='lat' dir='ltr'>quod</span> <span class='ocrx_word' id='word_1_20' title='bbox 675 559 791 598; x_wconf 90' lang='lat' dir='ltr'>habet</span> <span class='ocrx_word' id='word_1_21' title='bbox 810 559 936 597; x_wconf 83' lang='lat' dir='ltr'>aufere</span> 
     </span>
     <span class='ocr_line' id='line_1_8' title="bbox 491 613 924 653; baseline 0 -1"><span class='ocrx_word' id='word_1_22' title='bbox 491 621 553 653; x_wconf 89' lang='lat' dir='ltr'>tur</span> <span class='ocrx_word' id='word_1_23' title='bbox 572 615 621 652; x_wconf 90' lang='lat' dir='ltr'>ab</span> <span class='ocrx_word' id='word_1_24' title='bbox 640 625 688 652; x_wconf 90' lang='lat' dir='ltr'>eo</span> <span class='ocrx_word' id='word_1_25' title='bbox 764 613 837 652; x_wconf 82' lang='lat' dir='ltr'>³⁰et</span> <span class='ocrx_word' id='word_1_26' title='bbox 857 625 924 652; x_wconf 88' lang='lat' dir='ltr'>ne-</span> 
     </span>
     <span class='ocr_line' id='line_1_9' title="bbox 851 664 990 720; baseline 0.007 -16"><span class='ocrx_word' id='word_1_27' title='bbox 851 664 990 720; x_wconf 90' lang='lat' dir='ltr'>[quam</span> 
     </span>
     <span class='ocr_line' id='line_1_10' title="bbox 492 721 949 772; baseline 0 -12"><span class='ocrx_word' id='word_1_28' title='bbox 492 733 648 760; x_wconf 89' lang='lat' dir='ltr'>seruum</span> <span class='ocrx_word' id='word_1_29' title='bbox 667 721 827 772; x_wconf 85' lang='lat' dir='ltr'>proicite</span> <span class='ocrx_word' id='word_1_30' title='bbox 846 721 949 760; x_wconf 85' lang='lat' dir='ltr'>foras</span> 
     </span>
     <span class='ocr_line' id='line_1_11' title="bbox 491 777 893 815; baseline 0 -1"><span class='ocrx_word' id='word_1_31' title='bbox 491 777 531 814; x_wconf 93' lang='lat' dir='ltr'>in</span> <span class='ocrx_word' id='word_1_32' title='bbox 550 777 729 815; x_wconf 86' lang='lat' dir='ltr'>tenebras</span> <span class='ocrx_word' id='word_1_33' title='bbox 749 777 893 814; x_wconf 86' lang='lat' dir='ltr'>exterio</span> 
     </span>
     <span class='ocr_line' id='line_1_12' title="bbox 490 830 921 869; baseline -0.002 0"><span class='ocrx_word' id='word_1_34' title='bbox 490 842 552 869; x_wconf 90' lang='lat' dir='ltr'>res</span> <span class='ocrx_word' id='word_1_35' title='bbox 570 831 647 869; x_wconf 87' lang='lat' dir='ltr'>illic</span> <span class='ocrx_word' id='word_1_36' title='bbox 666 831 736 869; x_wconf 90' lang='lat' dir='ltr'>erit</span> <span class='ocrx_word' id='word_1_37' title='bbox 755 830 865 868; x_wconf 90' lang='lat' dir='ltr'>fletus</span> <span class='ocrx_word' id='word_1_38' title='bbox 884 835 921 868; x_wconf 91' lang='lat' dir='ltr'>et</span> 
     </span>
     <span class='ocr_line' id='line_1_13' title="bbox 491 884 823 923; baseline -0.006 0"><span class='ocrx_word' id='word_1_39' title='bbox 491 885 629 923; x_wconf 84' lang='lat' dir='ltr'>stn&#39;dor</span> <span class='ocrx_word' id='word_1_40' title='bbox 649 884 823 923; x_wconf 93' lang='lat' dir='ltr'>dentium</span> 
     </span>
     <span class='ocr_line' id='line_1_14' title="bbox 489 938 994 978; baseline 0.004 -3"><span class='ocrx_word' id='word_1_41' title='bbox 489 938 600 976; x_wconf 80' lang='lat' dir='ltr'>Lxx³¹</span> <span class='ocrx_word' id='word_1_42' title='bbox 612 938 708 978; x_wconf 89' lang='lat' dir='ltr'>Cum</span> <span class='ocrx_word' id='word_1_43' title='bbox 721 943 839 976; x_wconf 84' lang='lat' dir='ltr'>autem</span> <span class='ocrx_word' id='word_1_44' title='bbox 852 939 994 977; x_wconf 81' lang='lat' dir='ltr'>uenerit</span> 
     </span>
     <span class='ocr_line' id='line_1_15' title="bbox 490 992 922 1032; baseline -0.005 0"><span class='ocrx_word' id='word_1_45' title='bbox 490 993 591 1032; x_wconf 89' lang='lat' dir='ltr'>filius</span> <span class='ocrx_word' id='word_1_46' title='bbox 611 992 778 1031; x_wconf 86' lang='lat' dir='ltr'>hominis</span> <span class='ocrx_word' id='word_1_47' title='bbox 796 993 837 1030; x_wconf 93' lang='lat' dir='ltr'>in</span> <span class='ocrx_word' id='word_1_48' title='bbox 857 1004 922 1030; x_wconf 91' lang='lat' dir='ltr'>ma</span> 
     </span>
     <span class='ocr_line' id='line_1_16' title="bbox 489 1047 924 1086; baseline -0.002 0"><span class='ocrx_word' id='word_1_49' title='bbox 489 1047 623 1086; x_wconf 90' lang='lat' dir='ltr'>iestate</span> <span class='ocrx_word' id='word_1_50' title='bbox 643 1059 711 1085; x_wconf 90' lang='lat' dir='ltr'>sua</span> <span class='ocrx_word' id='word_1_51' title='bbox 730 1053 767 1085; x_wconf 87' lang='lat' dir='ltr'>et</span> <span class='ocrx_word' id='word_1_52' title='bbox 786 1058 924 1085; x_wconf 87' lang='lat' dir='ltr'>omnes</span> 
     </span>
     <span class='ocr_line' id='line_1_17' title="bbox 491 1101 902 1151; baseline -0.002 -12"><span class='ocrx_word' id='word_1_53' title='bbox 491 1101 619 1151; x_wconf 86' lang='lat' dir='ltr'>angeli</span> <span class='ocrx_word' id='word_1_54' title='bbox 640 1113 730 1139; x_wconf 91' lang='lat' dir='ltr'>cum</span> <span class='ocrx_word' id='word_1_55' title='bbox 750 1107 840 1138; x_wconf 91' lang='lat' dir='ltr'>tunc</span> <span class='ocrx_word' id='word_1_56' title='bbox 861 1112 902 1138; x_wconf 89' lang='lat' dir='ltr'>se</span> 
     </span>
     <span class='ocr_line' id='line_1_18' title="bbox 491 1154 882 1205; baseline -0.005 -11"><span class='ocrx_word' id='word_1_57' title='bbox 491 1155 596 1194; x_wconf 91' lang='lat' dir='ltr'>debit</span> <span class='ocrx_word' id='word_1_58' title='bbox 616 1167 730 1205; x_wconf 91' lang='lat' dir='ltr'>super</span> <span class='ocrx_word' id='word_1_59' title='bbox 749 1154 882 1193; x_wconf 91' lang='lat' dir='ltr'>sedem</span> 
     </span>
     <span class='ocr_line' id='line_1_19' title="bbox 490 1208 905 1248; baseline -0.002 0"><span class='ocrx_word' id='word_1_60' title='bbox 490 1209 702 1248; x_wconf 90' lang='lat' dir='ltr'>maiestatis</span> <span class='ocrx_word' id='word_1_61' title='bbox 721 1221 813 1247; x_wconf 92' lang='lat' dir='ltr'>suae</span> <span class='ocrx_word' id='word_1_62' title='bbox 833 1208 905 1247; x_wconf 74' lang='lat' dir='ltr'>³²et</span> 
     </span>
     <span class='ocr_line' id='line_1_20' title="bbox 490 1264 854 1314; baseline -0.005 -12"><span class='ocrx_word' id='word_1_63' title='bbox 490 1264 854 1314; x_wconf 79' lang='lat' dir='ltr'>congraegabuntur</span> 
     </span>
     <span class='ocr_line' id='line_1_21' title="bbox 491 1322 946 1366; baseline -0.004 -10"><span class='ocrx_word' id='word_1_64' title='bbox 491 1325 580 1356; x_wconf 91' lang='lat' dir='ltr'>ante</span> <span class='ocrx_word' id='word_1_65' title='bbox 599 1330 689 1355; x_wconf 93' lang='lat' dir='ltr'>eum</span> <span class='ocrx_word' id='word_1_66' title='bbox 708 1329 845 1356; x_wconf 90' lang='lat' dir='ltr'>omnes</span> <span class='ocrx_word' id='word_1_67' title='bbox 865 1322 946 1366; x_wconf 74' lang='lat' dir='ltr'>ge-</span> 
     </span>
     <span class='ocr_line' id='line_1_22' title="bbox 490 1371 904 1422; baseline -0.005 -11"><span class='ocrx_word' id='word_1_68' title='bbox 490 1379 549 1411; x_wconf 92' lang='lat' dir='ltr'>tes</span> <span class='ocrx_word' id='word_1_69' title='bbox 568 1378 607 1410; x_wconf 93' lang='lat' dir='ltr'>et</span> <span class='ocrx_word' id='word_1_70' title='bbox 625 1371 816 1422; x_wconf 90' lang='lat' dir='ltr'>separauit</span> <span class='ocrx_word' id='word_1_71' title='bbox 835 1383 904 1409; x_wconf 92' lang='lat' dir='ltr'>eos</span> 
     </span>
     <span class='ocr_line' id='line_1_23' title="bbox 490 1426 932 1476; baseline -0.002 -12"><span class='ocrx_word' id='word_1_72' title='bbox 490 1427 541 1464; x_wconf 91' lang='lat' dir='ltr'>ab</span> <span class='ocrx_word' id='word_1_73' title='bbox 561 1426 727 1464; x_wconf 90' lang='lat' dir='ltr'>inuicem</span> <span class='ocrx_word' id='word_1_74' title='bbox 747 1426 842 1464; x_wconf 91' lang='lat' dir='ltr'>sicut</span> <span class='ocrx_word' id='word_1_75' title='bbox 861 1437 932 1476; x_wconf 90' lang='lat' dir='ltr'>pas</span> 
     </span>
     <span class='ocr_line' id='line_1_24' title="bbox 490 1481 932 1530; baseline -0.005 -11"><span class='ocrx_word' id='word_1_76' title='bbox 490 1487 552 1519; x_wconf 87' lang='lat' dir='ltr'>tor</span> <span class='ocrx_word' id='word_1_77' title='bbox 571 1487 748 1530; x_wconf 88' lang='lat' dir='ltr'>segregat</span> <span class='ocrx_word' id='word_1_78' title='bbox 767 1491 862 1518; x_wconf 91' lang='lat' dir='ltr'>oues</span> <span class='ocrx_word' id='word_1_79' title='bbox 882 1481 932 1518; x_wconf 91' lang='lat' dir='ltr'>ab</span> 
     </span>
     <span class='ocr_line' id='line_1_25' title="bbox 490 1534 990 1573; baseline -0.002 0"><span class='ocrx_word' id='word_1_80' title='bbox 490 1534 625 1573; x_wconf 88' lang='lat' dir='ltr'>haedis</span> <span class='ocrx_word' id='word_1_81' title='bbox 644 1534 718 1572; x_wconf 78' lang='lat' dir='ltr'>³⁸et</span> <span class='ocrx_word' id='word_1_82' title='bbox 737 1540 875 1572; x_wconf 89' lang='lat' dir='ltr'>statuet</span> <span class='ocrx_word' id='word_1_83' title='bbox 894 1545 990 1572; x_wconf 86' lang='lat' dir='ltr'>oues</span> 
     </span>
     <span class='ocr_line' id='line_1_26' title="bbox 491 1588 969 1627; baseline 0 0"><span class='ocrx_word' id='word_1_84' title='bbox 491 1588 542 1627; x_wconf 89' lang='lat' dir='ltr'>ad</span> <span class='ocrx_word' id='word_1_85' title='bbox 562 1588 706 1627; x_wconf 88' lang='lat' dir='ltr'>dextris</span> <span class='ocrx_word' id='word_1_86' title='bbox 726 1589 805 1626; x_wconf 92' lang='lat' dir='ltr'>suis</span> <span class='ocrx_word' id='word_1_87' title='bbox 822 1588 969 1627; x_wconf 91' lang='lat' dir='ltr'>haedos</span> 
     </span>
     <span class='ocr_line' id='line_1_27' title="bbox 490 1642 843 1682; baseline -0.006 0"><span class='ocrx_word' id='word_1_88' title='bbox 490 1650 620 1682; x_wconf 87' lang='lat' dir='ltr'>autem</span> <span class='ocrx_word' id='word_1_89' title='bbox 640 1655 663 1681; x_wconf 92' lang='lat' dir='ltr'>a</span> <span class='ocrx_word' id='word_1_90' title='bbox 683 1642 843 1682; x_wconf 87' lang='lat' dir='ltr'>sinistris</span> 
     </span>
    </p>
   </div>
   <div class='ocr_carea' id='block_1_3' title="bbox 490 1772 990 3069">
    <p class='ocr_par' dir='ltr' id='par_1_3' title="bbox 490 1772 990 2301">
     <span class='ocr_line' id='line_1_28' title="bbox 491 1772 990 1825; baseline -0.004 -11"><span class='ocrx_word' id='word_1_91' title='bbox 491 1774 642 1814; x_wconf 72' lang='lat' dir='ltr'>³⁴Tunc</span> <span class='ocrx_word' id='word_1_92' title='bbox 654 1774 754 1813; x_wconf 88' lang='lat' dir='ltr'>dicet</span> <span class='ocrx_word' id='word_1_93' title='bbox 768 1786 835 1813; x_wconf 86' lang='lat' dir='ltr'>rex</span> <span class='ocrx_word' id='word_1_94' title='bbox 850 1773 910 1813; x_wconf 89' lang='lat' dir='ltr'>his</span> <span class='ocrx_word' id='word_1_95' title='bbox 925 1772 990 1825; x_wconf 89' lang='lat' dir='ltr'>qui</span> 
     </span>
     <span class='ocr_line' id='line_1_29' title="bbox 490 1829 911 1868; baseline -0.002 0"><span class='ocrx_word' id='word_1_96' title='bbox 490 1830 541 1868; x_wconf 88' lang='lat' dir='ltr'>ad</span> <span class='ocrx_word' id='word_1_97' title='bbox 561 1829 703 1867; x_wconf 87' lang='lat' dir='ltr'>dextris</span> <span class='ocrx_word' id='word_1_98' title='bbox 722 1834 810 1867; x_wconf 90' lang='lat' dir='ltr'>sunt</span> <span class='ocrx_word' id='word_1_99' title='bbox 829 1829 911 1867; x_wconf 89' lang='lat' dir='ltr'>eius</span> 
     </span>
     <span class='ocr_line' id='line_1_30' title="bbox 490 1883 913 1934; baseline 0.002 -13"><span class='ocrx_word' id='word_1_100' title='bbox 490 1883 632 1921; x_wconf 89' lang='lat' dir='ltr'>Uenite</span> <span class='ocrx_word' id='word_1_101' title='bbox 650 1883 841 1922; x_wconf 88' lang='lat' dir='ltr'>benedicti</span> <span class='ocrx_word' id='word_1_102' title='bbox 860 1896 913 1934; x_wconf 87' lang='lat' dir='ltr'>pa</span> 
     </span>
     <span class='ocr_line' id='line_1_31' title="bbox 491 1937 869 1987; baseline 0 -11"><span class='ocrx_word' id='word_1_103' title='bbox 491 1939 559 1976; x_wconf 89' lang='lat' dir='ltr'>tris</span> <span class='ocrx_word' id='word_1_104' title='bbox 578 1938 655 1976; x_wconf 92' lang='lat' dir='ltr'>mei</span> <span class='ocrx_word' id='word_1_105' title='bbox 674 1937 869 1987; x_wconf 92' lang='lat' dir='ltr'>possidete</span> 
     </span>
     <span class='ocr_line' id='line_1_32' title="bbox 490 1992 894 2042; baseline 0 -13"><span class='ocrx_word' id='word_1_106' title='bbox 490 1999 762 2042; x_wconf 87' lang='lat' dir='ltr'>praeparatum</span> <span class='ocrx_word' id='word_1_107' title='bbox 781 1992 894 2030; x_wconf 92' lang='lat' dir='ltr'>uobis</span> 
     </span>
     <span class='ocr_line' id='line_1_33' title="bbox 491 2046 885 2096; baseline -0.003 -12"><span class='ocrx_word' id='word_1_108' title='bbox 491 2057 656 2096; x_wconf 88' lang='lat' dir='ltr'>regnum</span> <span class='ocrx_word' id='word_1_109' title='bbox 676 2058 699 2083; x_wconf 91' lang='lat' dir='ltr'>a</span> <span class='ocrx_word' id='word_1_110' title='bbox 718 2046 885 2084; x_wconf 87' lang='lat' dir='ltr'>constitu</span> 
     </span>
     <span class='ocr_line' id='line_1_34' title="bbox 490 2099 909 2138; baseline -0.002 0"><span class='ocrx_word' id='word_1_111' title='bbox 490 2100 594 2138; x_wconf 89' lang='lat' dir='ltr'>tione</span> <span class='ocrx_word' id='word_1_112' title='bbox 614 2099 749 2137; x_wconf 89' lang='lat' dir='ltr'>mundi</span> <span class='ocrx_word' id='word_1_113' title='bbox 804 2099 909 2138; x_wconf 79' lang='lat' dir='ltr'>³⁵esu</span> 
     </span>
     <span class='ocr_line' id='line_1_35' title="bbox 491 2153 891 2192; baseline -0.003 0"><span class='ocrx_word' id='word_1_114' title='bbox 491 2154 535 2192; x_wconf 90' lang='lat' dir='ltr'>rii</span> <span class='ocrx_word' id='word_1_115' title='bbox 555 2154 659 2192; x_wconf 89' lang='lat' dir='ltr'>enim</span> <span class='ocrx_word' id='word_1_116' title='bbox 679 2160 715 2191; x_wconf 91' lang='lat' dir='ltr'>et</span> <span class='ocrx_word' id='word_1_117' title='bbox 735 2153 891 2192; x_wconf 86' lang='lat' dir='ltr'>dedistis</span> 
     </span>
     <span class='ocr_line' id='line_1_36' title="bbox 490 2207 842 2246; baseline 0 0"><span class='ocrx_word' id='word_1_118' title='bbox 490 2207 586 2246; x_wconf 89' lang='lat' dir='ltr'>mihi</span> <span class='ocrx_word' id='word_1_119' title='bbox 605 2207 842 2246; x_wconf 90' lang='lat' dir='ltr'>manducare</span> 
     </span>
     <span class='ocr_line' id='line_1_37' title="bbox 490 2261 898 2301; baseline -0.002 -1"><span class='ocrx_word' id='word_1_120' title='bbox 490 2262 593 2301; x_wconf 90' lang='lat' dir='ltr'>sitibi</span> <span class='ocrx_word' id='word_1_121' title='bbox 613 2268 651 2300; x_wconf 93' lang='lat' dir='ltr'>et</span> <span class='ocrx_word' id='word_1_122' title='bbox 670 2261 826 2300; x_wconf 84' lang='lat' dir='ltr'>dedistis</span> <span class='ocrx_word' id='word_1_123' title='bbox 845 2261 898 2299; x_wconf 90' lang='lat' dir='ltr'>mi</span> 
     </span>
    </p>

    <p class='ocr_par' dir='ltr' id='par_1_4' title="bbox 490 2315 958 2679">
     <span class='ocr_line' id='line_1_38' title="bbox 491 2315 958 2367; baseline 0 -13"><span class='ocrx_word' id='word_1_124' title='bbox 491 2316 531 2354; x_wconf 88' lang='lat' dir='ltr'>hi</span> <span class='ocrx_word' id='word_1_125' title='bbox 550 2316 681 2355; x_wconf 92' lang='lat' dir='ltr'>uiuere</span> <span class='ocrx_word' id='word_1_126' title='bbox 700 2315 845 2367; x_wconf 89' lang='lat' dir='ltr'>hospes</span> <span class='ocrx_word' id='word_1_127' title='bbox 864 2322 958 2354; x_wconf 69' lang='lat' dir='ltr'>era*</span> 
     </span>
     <span class='ocr_line' id='line_1_39' title="bbox 490 2370 923 2420; baseline -0.002 -11"><span class='ocrx_word' id='word_1_128' title='bbox 490 2377 529 2409; x_wconf 89' lang='lat' dir='ltr'>et</span> <span class='ocrx_word' id='word_1_129' title='bbox 546 2370 747 2420; x_wconf 88' lang='lat' dir='ltr'>tollegistis</span> <span class='ocrx_word' id='word_1_130' title='bbox 765 2382 829 2408; x_wconf 89' lang='lat' dir='ltr'>me</span> <span class='ocrx_word' id='word_1_131' title='bbox 848 2370 923 2408; x_wconf 66' lang='grc' dir='ltr'>36ἰιι</span> 
     </span>
     <span class='ocr_line' id='line_1_40' title="bbox 491 2424 879 2463; baseline -0.003 0"><span class='ocrx_word' id='word_1_132' title='bbox 491 2425 623 2463; x_wconf 91' lang='lat' dir='ltr'>firmus</span> <span class='ocrx_word' id='word_1_133' title='bbox 642 2430 680 2463; x_wconf 92' lang='lat' dir='ltr'>et</span> <span class='ocrx_word' id='word_1_134' title='bbox 698 2424 879 2463; x_wconf 88' lang='lat' dir='ltr'>uisitastis</span> 
     </span>
     <span class='ocr_line' id='line_1_41' title="bbox 491 2479 903 2518; baseline 0 -1"><span class='ocrx_word' id='word_1_135' title='bbox 491 2491 554 2518; x_wconf 91' lang='lat' dir='ltr'>me</span> <span class='ocrx_word' id='word_1_136' title='bbox 573 2479 614 2518; x_wconf 91' lang='lat' dir='ltr'>in</span> <span class='ocrx_word' id='word_1_137' title='bbox 634 2491 786 2518; x_wconf 89' lang='lat' dir='ltr'>carcere</span> <span class='ocrx_word' id='word_1_138' title='bbox 805 2485 903 2517; x_wconf 69' lang='lat' dir='ltr'>era-</span> 
     </span>
     <span class='ocr_line' id='line_1_42' title="bbox 491 2532 858 2571; baseline -0.003 0"><span class='ocrx_word' id='word_1_139' title='bbox 491 2540 529 2571; x_wconf 87' lang='lat' dir='ltr'>et</span> <span class='ocrx_word' id='word_1_140' title='bbox 548 2533 707 2571; x_wconf 90' lang='lat' dir='ltr'>uenistis</span> <span class='ocrx_word' id='word_1_141' title='bbox 725 2532 775 2571; x_wconf 87' lang='lat' dir='ltr'>ad</span> <span class='ocrx_word' id='word_1_142' title='bbox 794 2545 858 2571; x_wconf 91' lang='lat' dir='ltr'>me</span> 
     </span>
     <span class='ocr_line' id='line_1_43' title="bbox 491 2586 952 2637; baseline 0 -12"><span class='ocrx_word' id='word_1_143' title='bbox 491 2587 644 2625; x_wconf 78' lang='lat' dir='ltr'>⁸⁷Tunc</span> <span class='ocrx_word' id='word_1_144' title='bbox 664 2586 952 2637; x_wconf 89' lang='lat' dir='ltr'>respondebunt</span> 
     </span>
     <span class='ocr_line' id='line_1_44' title="bbox 491 2641 837 2679; baseline 0.003 -1"><span class='ocrx_word' id='word_1_145' title='bbox 491 2641 526 2678; x_wconf 94' lang='lat' dir='ltr'>ei</span> <span class='ocrx_word' id='word_1_146' title='bbox 546 2641 634 2679; x_wconf 90' lang='lat' dir='ltr'>iusti</span> <span class='ocrx_word' id='word_1_147' title='bbox 654 2641 837 2679; x_wconf 91' lang='lat' dir='ltr'>dicentes·</span> 
     </span>
    </p>

    <p class='ocr_par' dir='ltr' id='par_1_5' title="bbox 491 2694 899 2786">
     <span class='ocr_line' id='line_1_45' title="bbox 491 2694 899 2744; baseline 0.002 -12"><span class='ocrx_word' id='word_1_148' title='bbox 491 2694 568 2732; x_wconf 74' lang='lat' dir='ltr'>dfie</span> <span class='ocrx_word' id='word_1_149' title='bbox 587 2695 744 2744; x_wconf 91' lang='lat' dir='ltr'>quando</span> <span class='ocrx_word' id='word_1_150' title='bbox 764 2702 800 2733; x_wconf 90' lang='lat' dir='ltr'>te</span> <span class='ocrx_word' id='word_1_151' title='bbox 819 2694 899 2733; x_wconf 94' lang='lat' dir='ltr'>uidi</span> 
     </span>
     <span class='ocr_line' id='line_1_46' title="bbox 492 2749 828 2786; baseline 0.003 -1"><span class='ocrx_word' id='word_1_152' title='bbox 492 2759 580 2786; x_wconf 89' lang='lat' dir='ltr'>mus</span> <span class='ocrx_word' id='word_1_153' title='bbox 599 2749 828 2786; x_wconf 88' lang='lat' dir='ltr'>esurientem</span> 
     </span>
    </p>

    <p class='ocr_par' dir='ltr' id='par_1_6' title="bbox 492 2802 960 3069">
     <span class='ocr_line' id='line_1_47' title="bbox 492 2802 908 2852; baseline 0.002 -13"><span class='ocrx_word' id='word_1_154' title='bbox 492 2809 530 2840; x_wconf 92' lang='lat' dir='ltr'>et</span> <span class='ocrx_word' id='word_1_155' title='bbox 549 2813 688 2852; x_wconf 89' lang='lat' dir='ltr'>pamus</span> <span class='ocrx_word' id='word_1_156' title='bbox 709 2809 744 2839; x_wconf 92' lang='lat' dir='ltr'>te</span> <span class='ocrx_word' id='word_1_157' title='bbox 764 2810 829 2840; x_wconf 84' lang='lat' dir='ltr'>aut</span> <span class='ocrx_word' id='word_1_158' title='bbox 848 2802 908 2841; x_wconf 89' lang='lat' dir='ltr'>siti</span> 
     </span>
     <span class='ocr_line' id='line_1_48' title="bbox 492 2855 875 2894; baseline 0 -1"><span class='ocrx_word' id='word_1_159' title='bbox 492 2862 623 2894; x_wconf 90' lang='lat' dir='ltr'>entem</span> <span class='ocrx_word' id='word_1_160' title='bbox 643 2862 682 2893; x_wconf 94' lang='lat' dir='ltr'>et</span> <span class='ocrx_word' id='word_1_161' title='bbox 700 2855 875 2894; x_wconf 88' lang='lat' dir='ltr'>dedimus</span> 
     </span>
     <span class='ocr_line' id='line_1_49' title="bbox 492 2909 960 2960; baseline 0 -12"><span class='ocrx_word' id='word_1_162' title='bbox 492 2910 562 2948; x_wconf 89' lang='lat' dir='ltr'>tibi</span> <span class='ocrx_word' id='word_1_163' title='bbox 581 2916 716 2959; x_wconf 90' lang='lat' dir='ltr'>potum</span> <span class='ocrx_word' id='word_1_164' title='bbox 737 2931 747 2940; x_wconf 90' lang='lat'><strong>·</strong></span> <span class='ocrx_word' id='word_1_165' title='bbox 767 2909 960 2960; x_wconf 65' lang='lat' dir='ltr'>”quando</span> 
     </span>
     <span class='ocr_line' id='line_1_50' title="bbox 492 2963 865 3002; baseline -0.005 0"><span class='ocrx_word' id='word_1_166' title='bbox 492 2970 622 3002; x_wconf 89' lang='lat' dir='ltr'>autem</span> <span class='ocrx_word' id='word_1_167' title='bbox 642 2969 678 3001; x_wconf 91' lang='lat' dir='ltr'>te</span> <span class='ocrx_word' id='word_1_168' title='bbox 699 2963 865 3002; x_wconf 89' lang='lat' dir='ltr'>bidimus</span> 
     </span>
     <span class='ocr_line' id='line_1_51' title="bbox 492 3016 862 3069; baseline -0.005 -12"><span class='ocrx_word' id='word_1_169' title='bbox 492 3016 686 3069; x_wconf 88' lang='lat' dir='ltr'>hospitem</span> <span class='ocrx_word' id='word_1_170' title='bbox 705 3024 742 3056; x_wconf 87' lang='lat' dir='ltr'>et</span> <span class='ocrx_word' id='word_1_171' title='bbox 761 3017 862 3056; x_wconf 90' lang='lat' dir='ltr'>colle</span> 
     </span>
    </p>
   </div>
   <div class='ocr_carea' id='block_1_4' title="bbox 730 208 1286 251">
    <p class='ocr_par' dir='ltr' id='par_1_7' title="bbox 730 208 1286 251">
     <span class='ocr_line' id='line_1_52' title="bbox 730 208 1286 251; baseline 0 -1"><span class='ocrx_word' id='word_1_172' title='bbox 730 210 776 250; x_wconf 87' lang='lat' dir='ltr'><em>E</em></span> <span class='ocrx_word' id='word_1_173' title='bbox 778 208 1147 251; x_wconf 84' lang='lat' dir='ltr'><em>UANGE&#39;LIUM</em></span> <span class='ocrx_word' id='word_1_174' title='bbox 1174 209 1286 250; x_wconf 89' lang='lat' dir='ltr'>SEC</span> 
     </span>
    </p>
   </div>
   <div class='ocr_carea' id='block_1_5' title="bbox 1022 341 1525 1640">
    <p class='ocr_par' dir='ltr' id='par_1_8' title="bbox 1024 341 1525 598">
     <span class='ocr_line' id='line_1_53' title="bbox 1025 341 1509 380; baseline 0 0"><span class='ocrx_word' id='word_1_175' title='bbox 1025 341 1165 380; x_wconf 89' lang='lat' dir='ltr'>Gimus</span> <span class='ocrx_word' id='word_1_176' title='bbox 1184 348 1222 380; x_wconf 91' lang='lat' dir='ltr'>te</span> <span class='ocrx_word' id='word_1_177' title='bbox 1283 347 1348 380; x_wconf 89' lang='lat' dir='ltr'>aut</span> <span class='ocrx_word' id='word_1_178' title='bbox 1367 341 1509 380; x_wconf 71' lang='lat' dir='ltr'>nudu-</span> 
     </span>
     <span class='ocr_line' id='line_1_54' title="bbox 1024 396 1525 446; baseline 0.002 -12"><span class='ocrx_word' id='word_1_179' title='bbox 1024 402 1061 434; x_wconf 89' lang='lat' dir='ltr'>et</span> <span class='ocrx_word' id='word_1_180' title='bbox 1073 396 1320 446; x_wconf 91' lang='lat' dir='ltr'>coperuimus</span> <span class='ocrx_word' id='word_1_181' title='bbox 1332 403 1369 435; x_wconf 92' lang='lat' dir='ltr'>te</span> <span class='ocrx_word' id='word_1_182' title='bbox 1423 397 1452 418; x_wconf 74' lang='lat'>³⁹</span> <span class='ocrx_word' id='word_1_183' title='bbox 1460 404 1525 435; x_wconf 92' lang='lat' dir='ltr'>aut</span> 
     </span>
     <span class='ocr_line' id='line_1_55' title="bbox 1025 450 1427 500; baseline 0.002 -13"><span class='ocrx_word' id='word_1_184' title='bbox 1025 451 1183 500; x_wconf 89' lang='lat' dir='ltr'>quando</span> <span class='ocrx_word' id='word_1_185' title='bbox 1203 457 1241 489; x_wconf 93' lang='lat' dir='ltr'>te</span> <span class='ocrx_word' id='word_1_186' title='bbox 1261 450 1427 489; x_wconf 90' lang='lat' dir='ltr'>uidimus</span> 
     </span>
     <span class='ocr_line' id='line_1_56' title="bbox 1024 504 1426 543; baseline 0.002 -2"><span class='ocrx_word' id='word_1_187' title='bbox 1024 504 1218 542; x_wconf 89' lang='lat' dir='ltr'>infirmum</span> <span class='ocrx_word' id='word_1_188' title='bbox 1242 510 1280 542; x_wconf 93' lang='lat' dir='ltr'>et</span> <span class='ocrx_word' id='word_1_189' title='bbox 1299 505 1338 542; x_wconf 90' lang='lat' dir='ltr'>in</span> <span class='ocrx_word' id='word_1_190' title='bbox 1358 517 1426 543; x_wconf 89' lang='lat' dir='ltr'>car</span> 
     </span>
     <span class='ocr_line' id='line_1_57' title="bbox 1024 558 1435 598; baseline 0 -1"><span class='ocrx_word' id='word_1_191' title='bbox 1024 571 1112 597; x_wconf 89' lang='lat' dir='ltr'>cere</span> <span class='ocrx_word' id='word_1_192' title='bbox 1131 565 1169 598; x_wconf 91' lang='lat' dir='ltr'>et</span> <span class='ocrx_word' id='word_1_193' title='bbox 1188 559 1366 597; x_wconf 89' lang='lat' dir='ltr'>uenimus</span> <span class='ocrx_word' id='word_1_194' title='bbox 1385 558 1435 597; x_wconf 92' lang='lat' dir='ltr'>ad</span> 
     </span>
    </p>

    <p class='ocr_par' dir='ltr' id='par_1_9' title="bbox 1023 619 1061 651">
     <span class='ocr_line' id='line_1_58' title="bbox 1023 619 1061 651; baseline -0.026 0"><span class='ocrx_word' id='word_1_195' title='bbox 1023 619 1061 651; x_wconf 76' lang='lat' dir='ltr'>te</span> 
     </span>
    </p>

    <p class='ocr_par' dir='ltr' id='par_1_10' title="bbox 1023 667 1524 826">
     <span class='ocr_line' id='line_1_59' title="bbox 1023 667 1524 717; baseline 0 -12"><span class='ocrx_word' id='word_1_196' title='bbox 1023 667 1111 705; x_wconf 79' lang='lat' dir='ltr'>⁴⁰Et</span> <span class='ocrx_word' id='word_1_197' title='bbox 1130 667 1370 717; x_wconf 90' lang='lat' dir='ltr'>respondens</span> <span class='ocrx_word' id='word_1_198' title='bbox 1394 679 1462 706; x_wconf 92' lang='lat' dir='ltr'>rex</span> <span class='ocrx_word' id='word_1_199' title='bbox 1487 667 1524 706; x_wconf 89' lang='lat' dir='ltr'>di</span> 
     </span>
     <span class='ocr_line' id='line_1_60' title="bbox 1025 721 1418 760; baseline 0 0"><span class='ocrx_word' id='word_1_200' title='bbox 1025 728 1086 760; x_wconf 90' lang='lat' dir='ltr'>cet</span> <span class='ocrx_word' id='word_1_201' title='bbox 1104 721 1177 759; x_wconf 93' lang='lat' dir='ltr'>illis</span> <span class='ocrx_word' id='word_1_202' title='bbox 1196 734 1309 760; x_wconf 91' lang='lat' dir='ltr'>amen</span> <span class='ocrx_word' id='word_1_203' title='bbox 1330 721 1418 760; x_wconf 90' lang='lat' dir='ltr'>dico</span> 
     </span>
     <span class='ocr_line' id='line_1_61' title="bbox 1024 775 1442 826; baseline 0 -12"><span class='ocrx_word' id='word_1_204' title='bbox 1024 775 1137 814; x_wconf 91' lang='lat' dir='ltr'>uobis</span> <span class='ocrx_word' id='word_1_205' title='bbox 1157 776 1328 826; x_wconf 91' lang='lat' dir='ltr'>quandiu</span> <span class='ocrx_word' id='word_1_206' title='bbox 1347 775 1442 814; x_wconf 90' lang='lat' dir='ltr'>fecis</span> 
     </span>
    </p>

    <p class='ocr_par' dir='ltr' id='par_1_11' title="bbox 1023 830 1525 1084">
     <span class='ocr_line' id='line_1_62' title="bbox 1023 830 1431 868; baseline -0.002 0"><span class='ocrx_word' id='word_1_207' title='bbox 1023 830 1071 868; x_wconf 90' lang='lat' dir='ltr'>tis</span> <span class='ocrx_word' id='word_1_208' title='bbox 1090 830 1157 868; x_wconf 93' lang='lat' dir='ltr'>uni</span> <span class='ocrx_word' id='word_1_209' title='bbox 1177 830 1315 868; x_wconf 89' lang='lat' dir='ltr'>horum</span> <span class='ocrx_word' id='word_1_210' title='bbox 1336 830 1431 867; x_wconf 90' lang='lat' dir='ltr'>mini</span> 
     </span>
     <span class='ocr_line' id='line_1_63' title="bbox 1024 883 1459 922; baseline 0.002 -1"><span class='ocrx_word' id='word_1_211' title='bbox 1024 895 1179 922; x_wconf 91' lang='lat' dir='ltr'>morum</span> <span class='ocrx_word' id='word_1_212' title='bbox 1197 891 1234 922; x_wconf 89' lang='lat' dir='ltr'>et</span> <span class='ocrx_word' id='word_1_213' title='bbox 1253 884 1347 922; x_wconf 87' lang='lat' dir='ltr'>mihi</span> <span class='ocrx_word' id='word_1_214' title='bbox 1366 883 1459 922; x_wconf 86' lang='lat' dir='ltr'>fecis</span> 
     </span>
     <span class='ocr_line' id='line_1_64' title="bbox 1023 935 1524 989; baseline 0 -13"><span class='ocrx_word' id='word_1_215' title='bbox 1023 938 1071 976; x_wconf 91' lang='lat' dir='ltr'>tis</span> <span class='ocrx_word' id='word_1_216' title='bbox 1411 935 1473 989; x_wconf 80' lang='lat' dir='ltr'>[ad</span> <span class='ocrx_word' id='word_1_217' title='bbox 1493 937 1524 976; x_wconf 91' lang='lat' dir='ltr'>si</span> 
     </span>
     <span class='ocr_line' id='line_1_65' title="bbox 1023 991 1525 1043; baseline -0.002 -13"><span class='ocrx_word' id='word_1_218' title='bbox 1023 991 1177 1030; x_wconf 66' lang='lat' dir='ltr'>“Tune</span> <span class='ocrx_word' id='word_1_219' title='bbox 1197 992 1299 1030; x_wconf 90' lang='lat' dir='ltr'>dicet</span> <span class='ocrx_word' id='word_1_220' title='bbox 1320 998 1358 1030; x_wconf 90' lang='lat' dir='ltr'>et</span> <span class='ocrx_word' id='word_1_221' title='bbox 1381 991 1440 1030; x_wconf 93' lang='lat' dir='ltr'>his</span> <span class='ocrx_word' id='word_1_222' title='bbox 1459 992 1525 1043; x_wconf 92' lang='lat' dir='ltr'>qui</span> 
     </span>
     <span class='ocr_line' id='line_1_66' title="bbox 1023 1045 1433 1084; baseline 0 0"><span class='ocrx_word' id='word_1_223' title='bbox 1023 1046 1150 1084; x_wconf 88' lang='lat' dir='ltr'>nistris</span> <span class='ocrx_word' id='word_1_224' title='bbox 1170 1053 1259 1084; x_wconf 92' lang='lat' dir='ltr'>sunt</span> <span class='ocrx_word' id='word_1_225' title='bbox 1297 1045 1433 1084; x_wconf 90' lang='lat' dir='ltr'>discidi</span> 
     </span>
    </p>

    <p class='ocr_par' dir='ltr' id='par_1_12' title="bbox 1023 1099 1458 1205">
     <span class='ocr_line' id='line_1_67' title="bbox 1023 1099 1458 1138; baseline -0.002 0"><span class='ocrx_word' id='word_1_226' title='bbox 1023 1107 1061 1138; x_wconf 90' lang='lat' dir='ltr'>te</span> <span class='ocrx_word' id='word_1_227' title='bbox 1082 1112 1105 1138; x_wconf 89' lang='lat' dir='ltr'>a</span> <span class='ocrx_word' id='word_1_228' title='bbox 1123 1111 1187 1138; x_wconf 91' lang='lat' dir='ltr'>me</span> <span class='ocrx_word' id='word_1_229' title='bbox 1206 1099 1398 1138; x_wconf 87' lang='lat' dir='ltr'>maledicti</span> <span class='ocrx_word' id='word_1_230' title='bbox 1418 1100 1458 1137; x_wconf 91' lang='lat' dir='ltr'>in</span> 
     </span>
     <span class='ocr_line' id='line_1_68' title="bbox 1024 1155 1373 1205; baseline -0.003 -12"><span class='ocrx_word' id='word_1_231' title='bbox 1024 1155 1156 1205; x_wconf 88' lang='lat' dir='ltr'>ignem</span> <span class='ocrx_word' id='word_1_232' title='bbox 1174 1161 1373 1193; x_wconf 91' lang='lat' dir='ltr'>aeternum</span> 
     </span>
    </p>

    <p class='ocr_par' dir='ltr' id='par_1_13' title="bbox 1023 1209 1523 1410">
     <span class='ocr_line' id='line_1_69' title="bbox 1025 1209 1450 1259; baseline 0.005 -13"><span class='ocrx_word' id='word_1_233' title='bbox 1025 1220 1142 1259; x_wconf 91' lang='lat' dir='ltr'>quem</span> <span class='ocrx_word' id='word_1_234' title='bbox 1162 1209 1381 1258; x_wconf 91' lang='lat' dir='ltr'>preparauit</span> <span class='ocrx_word' id='word_1_235' title='bbox 1399 1221 1450 1259; x_wconf 87' lang='lat' dir='ltr'>pa</span> 
     </span>
     <span class='ocr_line' id='line_1_70' title="bbox 1023 1262 1385 1301; baseline 0 -1"><span class='ocrx_word' id='word_1_236' title='bbox 1023 1269 1081 1301; x_wconf 87' lang='lat' dir='ltr'>ter</span> <span class='ocrx_word' id='word_1_237' title='bbox 1099 1275 1209 1301; x_wconf 88' lang='lat' dir='ltr'>meus</span> <span class='ocrx_word' id='word_1_238' title='bbox 1228 1262 1385 1301; x_wconf 92' lang='lat' dir='ltr'>diabulo</span> 
     </span>
     <span class='ocr_line' id='line_1_71' title="bbox 1023 1316 1523 1360; baseline 0.004 -6"><span class='ocrx_word' id='word_1_239' title='bbox 1023 1317 1186 1355; x_wconf 84' lang='lat' dir='ltr'>⁴²Esurii</span> <span class='ocrx_word' id='word_1_240' title='bbox 1204 1317 1308 1355; x_wconf 89' lang='lat' dir='ltr'>enim</span> <span class='ocrx_word' id='word_1_241' title='bbox 1327 1323 1364 1355; x_wconf 91' lang='lat' dir='ltr'>et</span> <span class='ocrx_word' id='word_1_242' title='bbox 1378 1329 1458 1360; x_wconf 84' lang='lat' dir='ltr'>non</span> <span class='ocrx_word' id='word_1_243' title='bbox 1474 1316 1523 1356; x_wconf 90' lang='lat' dir='ltr'>de</span> 
     </span>
     <span class='ocr_line' id='line_1_72' title="bbox 1024 1371 1456 1410; baseline 0.002 -1"><span class='ocrx_word' id='word_1_244' title='bbox 1024 1371 1131 1410; x_wconf 91' lang='lat' dir='ltr'>distis</span> <span class='ocrx_word' id='word_1_245' title='bbox 1150 1371 1243 1408; x_wconf 90' lang='lat' dir='ltr'>mihi</span> <span class='ocrx_word' id='word_1_246' title='bbox 1264 1371 1456 1410; x_wconf 90' lang='lat' dir='ltr'>manduca</span> 
     </span>
    </p>

    <p class='ocr_par' dir='ltr' id='par_1_14' title="bbox 1022 1425 1497 1640">
     <span class='ocr_line' id='line_1_73' title="bbox 1024 1425 1497 1464; baseline -0.002 0"><span class='ocrx_word' id='word_1_247' title='bbox 1024 1437 1066 1464; x_wconf 91' lang='lat' dir='ltr'>re</span> <span class='ocrx_word' id='word_1_248' title='bbox 1109 1425 1209 1463; x_wconf 90' lang='lat' dir='ltr'>sitiui</span> <span class='ocrx_word' id='word_1_249' title='bbox 1228 1430 1266 1463; x_wconf 90' lang='lat' dir='ltr'>et</span> <span class='ocrx_word' id='word_1_250' title='bbox 1285 1437 1367 1463; x_wconf 91' lang='lat' dir='ltr'>non</span> <span class='ocrx_word' id='word_1_251' title='bbox 1387 1425 1497 1463; x_wconf 91' lang='lat' dir='ltr'>cledis</span> 
     </span>
     <span class='ocr_line' id='line_1_74' title="bbox 1023 1479 1478 1518; baseline 0 0"><span class='ocrx_word' id='word_1_252' title='bbox 1023 1480 1071 1518; x_wconf 91' lang='lat' dir='ltr'>tis</span> <span class='ocrx_word' id='word_1_253' title='bbox 1090 1479 1184 1517; x_wconf 92' lang='lat' dir='ltr'>mihi</span> <span class='ocrx_word' id='word_1_254' title='bbox 1202 1479 1330 1518; x_wconf 90' lang='lat' dir='ltr'>uiuere</span> <span class='ocrx_word' id='word_1_255' title='bbox 1367 1479 1478 1518; x_wconf 80' lang='lat' dir='ltr'>⁴³hos</span> 
     </span>
     <span class='ocr_line' id='line_1_75' title="bbox 1023 1534 1473 1584; baseline 0 -12"><span class='ocrx_word' id='word_1_256' title='bbox 1023 1546 1093 1584; x_wconf 89' lang='lat' dir='ltr'>pes</span> <span class='ocrx_word' id='word_1_257' title='bbox 1113 1545 1218 1572; x_wconf 90' lang='lat' dir='ltr'>eram</span> <span class='ocrx_word' id='word_1_258' title='bbox 1238 1540 1275 1571; x_wconf 90' lang='lat' dir='ltr'>et</span> <span class='ocrx_word' id='word_1_259' title='bbox 1293 1545 1375 1572; x_wconf 92' lang='lat' dir='ltr'>non</span> <span class='ocrx_word' id='word_1_260' title='bbox 1395 1534 1473 1573; x_wconf 92' lang='lat' dir='ltr'>reci</span> 
     </span>
     <span class='ocr_line' id='line_1_76' title="bbox 1022 1587 1437 1640; baseline 0.002 -14"><span class='ocrx_word' id='word_1_261' title='bbox 1022 1587 1131 1640; x_wconf 90' lang='lat' dir='ltr'>pistis</span> <span class='ocrx_word' id='word_1_262' title='bbox 1151 1600 1215 1627; x_wconf 89' lang='lat' dir='ltr'>me</span> <span class='ocrx_word' id='word_1_263' title='bbox 1251 1588 1380 1626; x_wconf 90' lang='lat' dir='ltr'>nudus</span> <span class='ocrx_word' id='word_1_264' title='bbox 1399 1595 1437 1627; x_wconf 92' lang='lat' dir='ltr'>et</span> 
     </span>
    </p>
   </div>
   <div class='ocr_carea' id='block_1_6' title="bbox 1026 1773 1427 1824">
    <p class='ocr_par' dir='ltr' id='par_1_15' title="bbox 1026 1773 1427 1824">
     <span class='ocr_line' id='line_1_77' title="bbox 1026 1773 1427 1824; baseline -0.002 -12"><span class='ocrx_word' id='word_1_265' title='bbox 1026 1773 1121 1813; x_wconf 93' lang='lat' dir='ltr'>Non</span> <span class='ocrx_word' id='word_1_266' title='bbox 1139 1773 1344 1824; x_wconf 88' lang='lat' dir='ltr'>operuistis</span> <span class='ocrx_word' id='word_1_267' title='bbox 1362 1785 1427 1812; x_wconf 93' lang='lat' dir='ltr'>me</span> 
     </span>
    </p>
   </div>
   <div class='ocr_carea' id='block_1_7' title="bbox 1024 1828 1483 1913">
    <p class='ocr_par' dir='ltr' id='par_1_16' title="bbox 1024 1828 1483 1913">
     <span class='ocr_line' id='line_1_78' title="bbox 1024 1828 1448 1867; baseline 0 -1"><span class='ocrx_word' id='word_1_268' title='bbox 1024 1828 1201 1867; x_wconf 90' lang='lat' dir='ltr'>infirmus</span> <span class='ocrx_word' id='word_1_269' title='bbox 1221 1834 1258 1867; x_wconf 91' lang='lat' dir='ltr'>et</span> <span class='ocrx_word' id='word_1_270' title='bbox 1277 1828 1316 1865; x_wconf 91' lang='lat' dir='ltr'>in</span> <span class='ocrx_word' id='word_1_271' title='bbox 1337 1840 1448 1866; x_wconf 92' lang='lat' dir='ltr'>carce</span> 
     </span>
     <span class='ocr_line' id='line_1_79' title="bbox 1140 1881 1483 1913; baseline 0 0"><span class='ocrx_word' id='word_1_272' title='bbox 1140 1892 1206 1913; x_wconf 91' lang='lat' dir='ltr'>non</span> <span class='ocrx_word' id='word_1_273' title='bbox 1222 1881 1356 1913; x_wconf 80' lang='lat' dir='ltr'>uenistis</span> <span class='ocrx_word' id='word_1_274' title='bbox 1371 1881 1414 1913; x_wconf 87' lang='lat' dir='ltr'>ad</span> <span class='ocrx_word' id='word_1_275' title='bbox 1429 1890 1483 1913; x_wconf 91' lang='lat' dir='ltr'>me</span> 
     </span>
    </p>
   </div>
   <div class='ocr_carea' id='block_1_8' title="bbox 1023 1926 1531 3195">
    <p class='ocr_par' dir='ltr' id='par_1_17' title="bbox 1023 1926 1531 3195">
     <span class='ocr_line' id='line_1_80' title="bbox 1024 1926 1445 1964; baseline -0.002 0"><span class='ocrx_word' id='word_1_276' title='bbox 1024 1938 1065 1964; x_wconf 94' lang='lat' dir='ltr'>re</span> <span class='ocrx_word' id='word_1_277' title='bbox 1084 1932 1122 1964; x_wconf 92' lang='lat' dir='ltr'>et</span> <span class='ocrx_word' id='word_1_278' title='bbox 1141 1926 1320 1964; x_wconf 91' lang='lat' dir='ltr'>uenimus</span> <span class='ocrx_word' id='word_1_279' title='bbox 1339 1926 1389 1963; x_wconf 89' lang='lat' dir='ltr'>ad</span> <span class='ocrx_word' id='word_1_280' title='bbox 1409 1933 1445 1964; x_wconf 92' lang='lat' dir='ltr'>te</span> 
     </span>
     <span class='ocr_line' id='line_1_81' title="bbox 1023 1979 1488 2030; baseline -0.002 -11"><span class='ocrx_word' id='word_1_281' title='bbox 1023 1980 1176 2019; x_wconf 67' lang='lat' dir='ltr'>“Tune</span> <span class='ocrx_word' id='word_1_282' title='bbox 1195 1979 1488 2030; x_wconf 90' lang='lat' dir='ltr'>respondebunt</span> 
     </span>
     <span class='ocr_line' id='line_1_82' title="bbox 1408 2031 1525 2087; baseline -0.009 -15"><span class='ocrx_word' id='word_1_283' title='bbox 1408 2031 1465 2087; x_wconf 91' lang='lat' dir='ltr'>[et</span> <span class='ocrx_word' id='word_1_284' title='bbox 1484 2034 1525 2084; x_wconf 92' lang='lat' dir='ltr'>ip</span> 
     </span>
     <span class='ocr_line' id='line_1_83' title="bbox 1024 2088 1482 2138; baseline 0 -12"><span class='ocrx_word' id='word_1_285' title='bbox 1024 2088 1056 2126; x_wconf 93' lang='lat' dir='ltr'>si</span> <span class='ocrx_word' id='word_1_286' title='bbox 1076 2088 1247 2127; x_wconf 90' lang='lat' dir='ltr'>dicentes</span> <span class='ocrx_word' id='word_1_287' title='bbox 1267 2088 1355 2127; x_wconf 74' lang='lat' dir='ltr'>dme</span> <span class='ocrx_word' id='word_1_288' title='bbox 1376 2100 1482 2138; x_wconf 90' lang='lat' dir='ltr'>quan</span> 
     </span>
     <span class='ocr_line' id='line_1_84' title="bbox 1025 2143 1494 2181; baseline -0.002 0"><span class='ocrx_word' id='word_1_289' title='bbox 1025 2143 1078 2181; x_wconf 94' lang='lat' dir='ltr'>do</span> <span class='ocrx_word' id='word_1_290' title='bbox 1097 2149 1134 2181; x_wconf 90' lang='lat' dir='ltr'>te</span> <span class='ocrx_word' id='word_1_291' title='bbox 1153 2143 1322 2181; x_wconf 92' lang='lat' dir='ltr'>uidimus</span> <span class='ocrx_word' id='word_1_292' title='bbox 1341 2143 1494 2181; x_wconf 68' lang='lat' dir='ltr'>esurie-</span> 
     </span>
     <span class='ocr_line' id='line_1_85' title="bbox 1023 2197 1462 2235; baseline -0.002 0"><span class='ocrx_word' id='word_1_293' title='bbox 1023 2203 1104 2235; x_wconf 90' lang='lat' dir='ltr'>tem</span> <span class='ocrx_word' id='word_1_294' title='bbox 1187 2203 1252 2235; x_wconf 90' lang='lat' dir='ltr'>aut</span> <span class='ocrx_word' id='word_1_295' title='bbox 1272 2197 1462 2235; x_wconf 88' lang='lat' dir='ltr'>sitientem</span> 
     </span>
     <span class='ocr_line' id='line_1_86' title="bbox 1024 2250 1525 2301; baseline 0 -13"><span class='ocrx_word' id='word_1_296' title='bbox 1024 2258 1092 2289; x_wconf 90' lang='lat' dir='ltr'>aut</span> <span class='ocrx_word' id='word_1_297' title='bbox 1111 2250 1304 2301; x_wconf 88' lang='lat' dir='ltr'>hospitem</span> <span class='ocrx_word' id='word_1_298' title='bbox 1384 2257 1451 2289; x_wconf 92' lang='lat' dir='ltr'>aut</span> <span class='ocrx_word' id='word_1_299' title='bbox 1471 2263 1525 2288; x_wconf 92' lang='lat' dir='ltr'>nu</span> 
     </span>
     <span class='ocr_line' id='line_1_87' title="bbox 1025 2304 1479 2343; baseline 0 -1"><span class='ocrx_word' id='word_1_300' title='bbox 1025 2305 1119 2342; x_wconf 92' lang='lat' dir='ltr'>dum</span> <span class='ocrx_word' id='word_1_301' title='bbox 1201 2311 1266 2343; x_wconf 91' lang='lat' dir='ltr'>aut</span> <span class='ocrx_word' id='word_1_302' title='bbox 1285 2304 1479 2343; x_wconf 88' lang='lat' dir='ltr'>infirmum</span> 
     </span>
     <span class='ocr_line' id='line_1_88' title="bbox 1025 2359 1418 2397; baseline 0 -1"><span class='ocrx_word' id='word_1_303' title='bbox 1025 2366 1091 2397; x_wconf 89' lang='lat' dir='ltr'>aut</span> <span class='ocrx_word' id='word_1_304' title='bbox 1110 2359 1149 2396; x_wconf 91' lang='lat' dir='ltr'>in</span> <span class='ocrx_word' id='word_1_305' title='bbox 1169 2370 1361 2397; x_wconf 88' lang='lat' dir='ltr'>carcerem</span> <span class='ocrx_word' id='word_1_306' title='bbox 1380 2365 1418 2397; x_wconf 92' lang='lat' dir='ltr'>et</span> 
     </span>
     <span class='ocr_line' id='line_1_89' title="bbox 1024 2412 1426 2451; baseline 0 -1"><span class='ocrx_word' id='word_1_307' title='bbox 1024 2424 1106 2451; x_wconf 90' lang='lat' dir='ltr'>non</span> <span class='ocrx_word' id='word_1_308' title='bbox 1124 2412 1426 2451; x_wconf 84' lang='lat' dir='ltr'>ministrauimus</span> 
     </span>
     <span class='ocr_line' id='line_1_90' title="bbox 1024 2466 1094 2505; baseline -0.014 0"><span class='ocrx_word' id='word_1_309' title='bbox 1024 2466 1094 2505; x_wconf 89' lang='lat' dir='ltr'>tibi</span> 
     </span>
     <span class='ocr_line' id='line_1_91' title="bbox 1024 2519 1526 2570; baseline -0.002 -11"><span class='ocrx_word' id='word_1_310' title='bbox 1024 2520 1178 2559; x_wconf 80' lang='lat' dir='ltr'>⁴⁵Tunc</span> <span class='ocrx_word' id='word_1_311' title='bbox 1190 2519 1441 2570; x_wconf 89' lang='lat' dir='ltr'>respondebit</span> <span class='ocrx_word' id='word_1_312' title='bbox 1454 2519 1526 2558; x_wconf 89' lang='lat' dir='ltr'>illis</span> 
     </span>
     <span class='ocr_line' id='line_1_92' title="bbox 1025 2574 1400 2614; baseline -0.003 -1"><span class='ocrx_word' id='word_1_313' title='bbox 1025 2574 1158 2614; x_wconf 91' lang='lat' dir='ltr'>dicens</span> <span class='ocrx_word' id='word_1_314' title='bbox 1177 2586 1293 2612; x_wconf 93' lang='lat' dir='ltr'>amen</span> <span class='ocrx_word' id='word_1_315' title='bbox 1312 2574 1400 2612; x_wconf 92' lang='lat' dir='ltr'>dico</span> 
     </span>
     <span class='ocr_line' id='line_1_93' title="bbox 1025 2628 1467 2679; baseline -0.002 -12"><span class='ocrx_word' id='word_1_316' title='bbox 1025 2629 1137 2668; x_wconf 89' lang='lat' dir='ltr'>uobis</span> <span class='ocrx_word' id='word_1_317' title='bbox 1192 2628 1366 2679; x_wconf 86' lang='lat' dir='ltr'>quandiu</span> <span class='ocrx_word' id='word_1_318' title='bbox 1385 2640 1467 2666; x_wconf 91' lang='lat' dir='ltr'>non</span> 
     </span>
     <span class='ocr_line' id='line_1_94' title="bbox 1403 2692 1451 2713; baseline 0 0"><span class='ocrx_word' id='word_1_319' title='bbox 1403 2692 1451 2713; x_wconf 81' lang='lat' dir='ltr'>ml</span> 
     </span>
     <span class='ocr_line' id='line_1_95' title="bbox 1024 2725 1454 2766; baseline -0.007 0"><span class='ocrx_word' id='word_1_320' title='bbox 1024 2726 1166 2766; x_wconf 83' lang='lat' dir='ltr'>fecistis</span> <span class='ocrx_word' id='word_1_321' title='bbox 1184 2726 1251 2764; x_wconf 92' lang='lat' dir='ltr'>uni</span> <span class='ocrx_word' id='word_1_322' title='bbox 1270 2725 1319 2764; x_wconf 90' lang='lat' dir='ltr'>de</span> <span class='ocrx_word' id='word_1_323' title='bbox 1338 2726 1454 2764; x_wconf 90' lang='lat' dir='ltr'>minis</span> 
     </span>
     <span class='ocr_line' id='line_1_96' title="bbox 1025 2780 1464 2819; baseline 0 0"><span class='ocrx_word' id='word_1_324' title='bbox 1025 2781 1107 2819; x_wconf 90' lang='lat' dir='ltr'>istis</span> <span class='ocrx_word' id='word_1_325' title='bbox 1163 2793 1234 2819; x_wconf 91' lang='lat' dir='ltr'>nec</span> <span class='ocrx_word' id='word_1_326' title='bbox 1254 2780 1349 2817; x_wconf 90' lang='lat' dir='ltr'>mihi</span> <span class='ocrx_word' id='word_1_327' title='bbox 1370 2780 1464 2819; x_wconf 85' lang='lat' dir='ltr'>fecis</span> 
     </span>
     <span class='ocr_line' id='line_1_97' title="bbox 1025 2834 1527 2884; baseline -0.002 -11"><span class='ocrx_word' id='word_1_328' title='bbox 1025 2835 1072 2873; x_wconf 90' lang='lat' dir='ltr'>tis</span> <span class='ocrx_word' id='word_1_329' title='bbox 1080 2835 1154 2873; x_wconf 75' lang='lat' dir='ltr'>⁴“et</span> <span class='ocrx_word' id='word_1_330' title='bbox 1165 2835 1276 2873; x_wconf 90' lang='lat' dir='ltr'>ibunt</span> <span class='ocrx_word' id='word_1_331' title='bbox 1287 2834 1339 2872; x_wconf 93' lang='lat' dir='ltr'>hii</span> <span class='ocrx_word' id='word_1_332' title='bbox 1355 2835 1392 2872; x_wconf 90' lang='lat' dir='ltr'>in</span> <span class='ocrx_word' id='word_1_333' title='bbox 1406 2835 1527 2884; x_wconf 71' lang='lat' dir='ltr'>igne*</span> 
     </span>
     <span class='ocr_line' id='line_1_98' title="bbox 1025 2888 1463 2927; baseline -0.002 0"><span class='ocrx_word' id='word_1_334' title='bbox 1025 2896 1223 2927; x_wconf 86' lang='lat' dir='ltr'>aeternum</span> <span class='ocrx_word' id='word_1_335' title='bbox 1306 2888 1393 2926; x_wconf 93' lang='lat' dir='ltr'>iusti</span> <span class='ocrx_word' id='word_1_336' title='bbox 1414 2901 1463 2926; x_wconf 91' lang='lat' dir='ltr'>au</span> 
     </span>
     <span class='ocr_line' id='line_1_99' title="bbox 1025 2942 1427 2981; baseline 0 -1"><span class='ocrx_word' id='word_1_337' title='bbox 1025 2949 1104 2981; x_wconf 91' lang='lat' dir='ltr'>tem</span> <span class='ocrx_word' id='word_1_338' title='bbox 1124 2943 1164 2980; x_wconf 92' lang='lat' dir='ltr'>in</span> <span class='ocrx_word' id='word_1_339' title='bbox 1182 2942 1302 2980; x_wconf 91' lang='lat' dir='ltr'>uitam</span> <span class='ocrx_word' id='word_1_340' title='bbox 1322 2949 1427 2981; x_wconf 90' lang='lat' dir='ltr'>aeter</span> 
     </span>
     <span class='ocr_line' id='line_1_100' title="bbox 1027 2993 1528 3048; baseline 0.002 -15"><span class='ocrx_word' id='word_1_341' title='bbox 1027 3007 1119 3034; x_wconf 88' lang='lat' dir='ltr'>nam</span> <span class='ocrx_word' id='word_1_342' title='bbox 1441 2993 1528 3048; x_wconf 84' lang='lat' dir='ltr'>[pos</span> 
     </span>
     <span class='ocr_line' id='line_1_101' title="bbox 1025 3048 1531 3099; baseline 0.002 -13"><span class='ocrx_word' id='word_1_343' title='bbox 1025 3058 1124 3086; x_wconf 78' lang='lat' dir='ltr'>Lxxr</span> <span class='ocrx_word' id='word_1_344' title='bbox 1142 3048 1204 3086; x_wconf 84' lang='lat'>26¹</span> <span class='ocrx_word' id='word_1_345' title='bbox 1223 3048 1282 3087; x_wconf 85' lang='lat' dir='ltr'>Et</span> <span class='ocrx_word' id='word_1_346' title='bbox 1292 3049 1449 3099; x_wconf 76' lang='lat' dir='ltr'>sactum</span> <span class='ocrx_word' id='word_1_347' title='bbox 1477 3053 1531 3087; x_wconf 86' lang='lat' dir='ltr'>est</span> 
     </span>
     <span class='ocr_line' id='line_1_102' title="bbox 1024 3103 1407 3152; baseline 0.003 -13"><span class='ocrx_word' id='word_1_348' title='bbox 1024 3113 1143 3152; x_wconf 88' lang='lat' dir='ltr'>quam</span> <span class='ocrx_word' id='word_1_349' title='bbox 1163 3103 1407 3141; x_wconf 89' lang='lat' dir='ltr'>consumauit</span> 
     </span>
     <span class='ocr_line' id='line_1_103' title="bbox 1025 3156 1476 3195; baseline 0 -1"><span class='ocrx_word' id='word_1_350' title='bbox 1025 3156 1083 3195; x_wconf 82' lang='lat' dir='ltr'>ihs</span> <span class='ocrx_word' id='word_1_351' title='bbox 1103 3167 1300 3195; x_wconf 87' lang='lat' dir='ltr'>sermones</span> <span class='ocrx_word' id='word_1_352' title='bbox 1319 3156 1390 3195; x_wconf 89' lang='lat' dir='ltr'>hos</span> <span class='ocrx_word' id='word_1_353' title='bbox 1410 3168 1476 3194; x_wconf 92' lang='lat' dir='ltr'>om</span> 
     </span>
    </p>
   </div>
   <div class='ocr_carea' id='block_1_9' title="bbox 1885 212 2624 270">
    <p class='ocr_par' dir='ltr' id='par_1_18' title="bbox 1885 212 2624 270">
     <span class='ocr_line' id='line_1_104' title="bbox 1885 212 2624 270; baseline 0.004 -19"><span class='ocrx_word' id='word_1_354' title='bbox 1885 212 1975 252; x_wconf 82' lang='lat' dir='ltr'>MA</span> <span class='ocrx_word' id='word_1_355' title='bbox 1987 213 2197 254; x_wconf 82' lang='lat' dir='ltr'><em>TTEUM</em></span> <span class='ocrx_word' id='word_1_356' title='bbox 2245 213 2351 270; x_wconf 85' lang='lat' dir='ltr'>[xxv.</span> <span class='ocrx_word' id='word_1_357' title='bbox 2374 222 2547 256; x_wconf 81' lang='lat' dir='ltr'>28-xxvr.</span> <span class='ocrx_word' id='word_1_358' title='bbox 2570 232 2624 265; x_wconf 77' lang='lat'>23.</span> 
     </span>
    </p>
   </div>
   <div class='ocr_carea' id='block_1_10' title="bbox 1591 300 2092 990">
    <p class='ocr_par' dir='ltr' id='par_1_19' title="bbox 1593 300 1750 332">
     <span class='ocr_line' id='line_1_105' title="bbox 1593 300 1750 332; baseline 0.013 -2"><span class='ocrx_word' id='word_1_359' title='bbox 1593 300 1676 332; x_wconf 71' lang='lat'><strong>1¹01.</strong></span> <span class='ocrx_word' id='word_1_360' title='bbox 1693 301 1750 332; x_wconf 85' lang='lat'>32.</span> 
     </span>
    </p>

    <p class='ocr_par' dir='ltr' id='par_1_20' title="bbox 1593 342 2090 395">
     <span class='ocr_line' id='line_1_106' title="bbox 1593 342 2090 395; baseline 0.006 -14"><span class='ocrx_word' id='word_1_361' title='bbox 1593 342 1675 382; x_wconf 89' lang='lat' dir='ltr'>Nes</span> <span class='ocrx_word' id='word_1_362' title='bbox 1695 343 1790 382; x_wconf 90' lang='lat' dir='ltr'>dixit</span> <span class='ocrx_word' id='word_1_363' title='bbox 1805 343 1998 395; x_wconf 86' lang='lat' dir='ltr'>discipulis</span> <span class='ocrx_word' id='word_1_364' title='bbox 2013 346 2090 384; x_wconf 92' lang='lat' dir='ltr'>suis</span> 
     </span>
    </p>

    <p class='ocr_par' dir='ltr' id='par_1_21' title="bbox 1592 397 2090 448">
     <span class='ocr_line' id='line_1_107' title="bbox 1592 397 2090 448; baseline 0.004 -13"><span class='ocrx_word' id='word_1_365' title='bbox 1592 398 1716 436; x_wconf 68' lang='lat' dir='ltr'>&#39;scitis</span> <span class='ocrx_word' id='word_1_366' title='bbox 1729 397 1819 448; x_wconf 91' lang='lat' dir='ltr'>quia</span> <span class='ocrx_word' id='word_1_367' title='bbox 1831 405 1919 448; x_wconf 90' lang='lat' dir='ltr'>post</span> <span class='ocrx_word' id='word_1_368' title='bbox 1928 399 2090 437; x_wconf 92' lang='lat' dir='ltr'>biduum</span> 
     </span>
    </p>

    <p class='ocr_par' dir='ltr' id='par_1_22' title="bbox 1593 452 2092 560">
     <span class='ocr_line' id='line_1_108' title="bbox 1593 452 2050 502; baseline 0.002 -12"><span class='ocrx_word' id='word_1_369' title='bbox 1593 463 1709 502; x_wconf 87' lang='lat' dir='ltr'>pasca</span> <span class='ocrx_word' id='word_1_370' title='bbox 1746 452 1811 491; x_wconf 88' lang='lat' dir='ltr'>fiet</span> <span class='ocrx_word' id='word_1_371' title='bbox 1876 459 1915 491; x_wconf 91' lang='lat' dir='ltr'>et</span> <span class='ocrx_word' id='word_1_372' title='bbox 1951 453 2050 491; x_wconf 87' lang='lat' dir='ltr'>filius</span> 
     </span>
     <span class='ocr_line' id='line_1_109' title="bbox 1967 504 2092 560; baseline 0.008 -16"><span class='ocrx_word' id='word_1_373' title='bbox 1967 504 2092 560; x_wconf 91' lang='lat' dir='ltr'>[homi</span> 
     </span>
    </p>

    <p class='ocr_par' dir='ltr' id='par_1_23' title="bbox 1593 559 2024 600">
     <span class='ocr_line' id='line_1_110' title="bbox 1593 559 2024 600; baseline 0.002 -2"><span class='ocrx_word' id='word_1_374' title='bbox 1593 560 1652 598; x_wconf 89' lang='lat' dir='ltr'>nis</span> <span class='ocrx_word' id='word_1_375' title='bbox 1671 559 1840 599; x_wconf 88' lang='lat' dir='ltr'>tradetur</span> <span class='ocrx_word' id='word_1_376' title='bbox 1858 566 1900 598; x_wconf 90' lang='lat' dir='ltr'>ut</span> <span class='ocrx_word' id='word_1_377' title='bbox 1919 561 2024 600; x_wconf 90' lang='lat' dir='ltr'>cruci</span> 
     </span>
    </p>

    <p class='ocr_par' dir='ltr' id='par_1_24' title="bbox 1594 615 1730 663">
     <span class='ocr_line' id='line_1_111' title="bbox 1594 615 1730 663; baseline 0.007 -12"><span class='ocrx_word' id='word_1_378' title='bbox 1594 615 1730 663; x_wconf 84' lang='lat' dir='ltr'>figatur</span> 
     </span>
    </p>

    <p class='ocr_par' dir='ltr' id='par_1_25' title="bbox 1593 668 2091 718">
     <span class='ocr_line' id='line_1_112' title="bbox 1593 668 2091 718; baseline 0.004 -12"><span class='ocrx_word' id='word_1_379' title='bbox 1593 668 1731 706; x_wconf 80' lang='lat' dir='ltr'>³Tunc</span> <span class='ocrx_word' id='word_1_380' title='bbox 1751 669 1978 718; x_wconf 88' lang='lat' dir='ltr'>congregati</span> <span class='ocrx_word' id='word_1_381' title='bbox 2003 676 2091 708; x_wconf 91' lang='lat' dir='ltr'>sunt</span> 
     </span>
    </p>

    <p class='ocr_par' dir='ltr' id='par_1_26' title="bbox 1593 722 2040 772">
     <span class='ocr_line' id='line_1_113' title="bbox 1593 722 2040 772; baseline 0.004 -13"><span class='ocrx_word' id='word_1_382' title='bbox 1593 722 1773 772; x_wconf 89' lang='lat' dir='ltr'>principis</span> <span class='ocrx_word' id='word_1_383' title='bbox 1794 724 2040 761; x_wconf 88' lang='lat' dir='ltr'>sacerdotum</span> 
     </span>
    </p>

    <p class='ocr_par' dir='ltr' id='par_1_27' title="bbox 1592 777 2045 816">
     <span class='ocr_line' id='line_1_114' title="bbox 1592 777 2045 816; baseline 0.004 -2"><span class='ocrx_word' id='word_1_384' title='bbox 1592 783 1630 814; x_wconf 90' lang='lat' dir='ltr'>et</span> <span class='ocrx_word' id='word_1_385' title='bbox 1649 777 1797 815; x_wconf 90' lang='lat' dir='ltr'>scribae</span> <span class='ocrx_word' id='word_1_386' title='bbox 1817 784 1854 815; x_wconf 91' lang='lat' dir='ltr'>et</span> <span class='ocrx_word' id='word_1_387' title='bbox 1874 778 2045 816; x_wconf 89' lang='lat' dir='ltr'>seniores</span> 
     </span>
    </p>

    <p class='ocr_par' dir='ltr' id='par_1_28' title="bbox 1591 831 2051 882">
     <span class='ocr_line' id='line_1_115' title="bbox 1591 831 2051 882; baseline 0.002 -13"><span class='ocrx_word' id='word_1_388' title='bbox 1591 831 1727 880; x_wconf 90' lang='lat' dir='ltr'>populi</span> <span class='ocrx_word' id='word_1_389' title='bbox 1746 831 1784 868; x_wconf 91' lang='lat' dir='ltr'>in</span> <span class='ocrx_word' id='word_1_390' title='bbox 1806 832 1944 869; x_wconf 89' lang='lat' dir='ltr'>atrium</span> <span class='ocrx_word' id='word_1_391' title='bbox 1964 832 2051 882; x_wconf 92' lang='lat' dir='ltr'>prin</span> 
     </span>
    </p>

    <p class='ocr_par' dir='ltr' id='par_1_29' title="bbox 1592 885 1948 934">
     <span class='ocr_line' id='line_1_116' title="bbox 1592 885 1948 934; baseline 0.003 -12"><span class='ocrx_word' id='word_1_392' title='bbox 1592 885 1688 934; x_wconf 90' lang='lat' dir='ltr'>cipis</span> <span class='ocrx_word' id='word_1_393' title='bbox 1708 885 1948 924; x_wconf 90' lang='lat' dir='ltr'>sacerdotum</span> 
     </span>
    </p>

    <p class='ocr_par' dir='ltr' id='par_1_30' title="bbox 1592 939 2052 990">
     <span class='ocr_line' id='line_1_117' title="bbox 1592 939 2052 990; baseline 0.007 -15"><span class='ocrx_word' id='word_1_394' title='bbox 1592 939 1658 988; x_wconf 87' lang='lat' dir='ltr'>qui</span> <span class='ocrx_word' id='word_1_395' title='bbox 1679 939 1876 977; x_wconf 85' lang='lat' dir='ltr'>dicebatur</span> <span class='ocrx_word' id='word_1_396' title='bbox 1896 939 2052 990; x_wconf 88' lang='lat' dir='ltr'>caiphas</span> 
     </span>
    </p>
   </div>
   <div class='ocr_carea' id='block_1_11' title="bbox 1591 993 2064 1079">
    <p class='ocr_par' dir='ltr' id='par_1_31' title="bbox 1591 993 2064 1079">
     <span class='ocr_line' id='line_1_118' title="bbox 1591 993 2064 1032; baseline 0.002 -1"><span class='ocrx_word' id='word_1_397' title='bbox 1591 993 1650 1031; x_wconf 85' lang='lat' dir='ltr'>⁴et</span> <span class='ocrx_word' id='word_1_398' title='bbox 1670 993 1874 1032; x_wconf 91' lang='lat' dir='ltr'>consilium</span> <span class='ocrx_word' id='word_1_399' title='bbox 1894 993 2064 1032; x_wconf 90' lang='lat' dir='ltr'>fecerunt</span> 
     </span>
     <span class='ocr_line' id='line_1_119' title="bbox 1974 1057 1996 1079; baseline 0 0"><span class='ocrx_word' id='word_1_400' title='bbox 1974 1057 1996 1079; x_wconf 82' lang='lat' dir='ltr'>n</span> 
     </span>
    </p>
   </div>
   <div class='ocr_carea' id='block_1_12' title="bbox 1591 1090 2093 1738">
    <p class='ocr_par' dir='ltr' id='par_1_32' title="bbox 1591 1090 2006 1130">
     <span class='ocr_line' id='line_1_120' title="bbox 1591 1090 2006 1130; baseline 0.002 -2"><span class='ocrx_word' id='word_1_401' title='bbox 1591 1096 1632 1128; x_wconf 91' lang='lat' dir='ltr'>ut</span> <span class='ocrx_word' id='word_1_402' title='bbox 1651 1090 1730 1128; x_wconf 78' lang='lat' dir='ltr'>ihm</span> <span class='ocrx_word' id='word_1_403' title='bbox 1751 1090 1842 1129; x_wconf 93' lang='lat' dir='ltr'>dolo</span> <span class='ocrx_word' id='word_1_404' title='bbox 1862 1097 2006 1130; x_wconf 90' lang='lat' dir='ltr'>teneret</span> 
     </span>
    </p>

    <p class='ocr_par' dir='ltr' id='par_1_33' title="bbox 1591 1145 2079 1358">
     <span class='ocr_line' id='line_1_121' title="bbox 1592 1145 1870 1184; baseline 0.004 -2"><span class='ocrx_word' id='word_1_405' title='bbox 1592 1151 1629 1182; x_wconf 91' lang='lat' dir='ltr'>et</span> <span class='ocrx_word' id='word_1_406' title='bbox 1649 1145 1870 1184; x_wconf 90' lang='lat' dir='ltr'>occiderent</span> 
     </span>
     <span class='ocr_line' id='line_1_122' title="bbox 1591 1198 2079 1238; baseline 0.002 -2"><span class='ocrx_word' id='word_1_407' title='bbox 1591 1198 1803 1237; x_wconf 82' lang='lat' dir='ltr'>⁶Dicebant</span> <span class='ocrx_word' id='word_1_408' title='bbox 1821 1205 1950 1238; x_wconf 89' lang='lat' dir='ltr'>autem</span> <span class='ocrx_word' id='word_1_409' title='bbox 1969 1212 2018 1238; x_wconf 90' lang='lat' dir='ltr'>ne</span> <span class='ocrx_word' id='word_1_410' title='bbox 2038 1199 2079 1237; x_wconf 91' lang='lat' dir='ltr'>in</span> 
     </span>
     <span class='ocr_line' id='line_1_123' title="bbox 1593 1252 2023 1292; baseline 0 0"><span class='ocrx_word' id='word_1_411' title='bbox 1593 1253 1655 1292; x_wconf 89' lang='lat' dir='ltr'>die</span> <span class='ocrx_word' id='word_1_412' title='bbox 1675 1252 1774 1292; x_wconf 87' lang='lat' dir='ltr'>sesto</span> <span class='ocrx_word' id='word_1_413' title='bbox 1793 1253 1977 1292; x_wconf 85' lang='lat' dir='ltr'>tumultus</span> <span class='ocrx_word' id='word_1_414' title='bbox 1997 1254 2023 1292; x_wconf 89' lang='lat' dir='ltr'>fi</span> 
     </span>
     <span class='ocr_line' id='line_1_124' title="bbox 1592 1307 1899 1358; baseline 0 -12"><span class='ocrx_word' id='word_1_415' title='bbox 1592 1314 1672 1346; x_wconf 92' lang='lat' dir='ltr'>eret</span> <span class='ocrx_word' id='word_1_416' title='bbox 1691 1307 1732 1345; x_wconf 89' lang='lat' dir='ltr'>in</span> <span class='ocrx_word' id='word_1_417' title='bbox 1751 1308 1899 1358; x_wconf 91' lang='lat' dir='ltr'>populo</span> 
     </span>
    </p>

    <p class='ocr_par' dir='ltr' id='par_1_34' title="bbox 1591 1361 2061 1563">
     <span class='ocr_line' id='line_1_125' title="bbox 1591 1361 2061 1401; baseline -0.002 -1"><span class='ocrx_word' id='word_1_418' title='bbox 1591 1361 1715 1400; x_wconf 83' lang='lat' dir='ltr'>⁶Cum</span> <span class='ocrx_word' id='word_1_419' title='bbox 1735 1368 1864 1400; x_wconf 91' lang='lat' dir='ltr'>autem</span> <span class='ocrx_word' id='word_1_420' title='bbox 1883 1368 1983 1401; x_wconf 81' lang='lat' dir='ltr'>esset</span> <span class='ocrx_word' id='word_1_421' title='bbox 2002 1361 2061 1400; x_wconf 82' lang='lat' dir='ltr'>ihs</span> 
     </span>
     <span class='ocr_line' id='line_1_126' title="bbox 1592 1415 2030 1455; baseline 0.002 -2"><span class='ocrx_word' id='word_1_422' title='bbox 1592 1416 1631 1454; x_wconf 90' lang='lat' dir='ltr'>in</span> <span class='ocrx_word' id='word_1_423' title='bbox 1651 1415 1832 1454; x_wconf 89' lang='lat' dir='ltr'>bethania</span> <span class='ocrx_word' id='word_1_424' title='bbox 1851 1416 1891 1453; x_wconf 91' lang='lat' dir='ltr'>in</span> <span class='ocrx_word' id='word_1_425' title='bbox 1910 1416 2030 1455; x_wconf 92' lang='lat' dir='ltr'>domo</span> 
     </span>
     <span class='ocr_line' id='line_1_127' title="bbox 1592 1470 2035 1520; baseline 0.002 -13"><span class='ocrx_word' id='word_1_426' title='bbox 1592 1470 1751 1508; x_wconf 90' lang='lat' dir='ltr'>simonis</span> <span class='ocrx_word' id='word_1_427' title='bbox 1770 1470 1912 1520; x_wconf 90' lang='lat' dir='ltr'>leprosi</span> <span class='ocrx_word' id='word_1_428' title='bbox 1967 1470 2035 1508; x_wconf 78' lang='lat' dir='ltr'>&#39;&#39;ac</span> 
     </span>
     <span class='ocr_line' id='line_1_128' title="bbox 1592 1523 1996 1563; baseline -0.005 0"><span class='ocrx_word' id='word_1_429' title='bbox 1592 1523 1706 1563; x_wconf 90' lang='lat' dir='ltr'>cessit</span> <span class='ocrx_word' id='word_1_430' title='bbox 1726 1523 1776 1562; x_wconf 88' lang='lat' dir='ltr'>ad</span> <span class='ocrx_word' id='word_1_431' title='bbox 1794 1536 1883 1562; x_wconf 91' lang='lat' dir='ltr'>eum</span> <span class='ocrx_word' id='word_1_432' title='bbox 1902 1523 1996 1562; x_wconf 91' lang='lat' dir='ltr'>muli</span> 
     </span>
    </p>

    <p class='ocr_par' dir='ltr' id='par_1_35' title="bbox 1591 1577 2093 1738">
     <span class='ocr_line' id='line_1_129' title="bbox 1591 1577 2044 1616; baseline -0.002 0"><span class='ocrx_word' id='word_1_433' title='bbox 1591 1590 1632 1616; x_wconf 94' lang='lat' dir='ltr'>er</span> <span class='ocrx_word' id='word_1_434' title='bbox 1651 1577 1800 1616; x_wconf 91' lang='lat' dir='ltr'>habens</span> <span class='ocrx_word' id='word_1_435' title='bbox 1819 1577 2044 1616; x_wconf 76' lang='lat' dir='ltr'>alabastru-</span> 
     </span>
     <span class='ocr_line' id='line_1_130' title="bbox 1592 1632 2014 1682; baseline -0.002 -12"><span class='ocrx_word' id='word_1_436' title='bbox 1592 1632 1781 1682; x_wconf 89' lang='lat' dir='ltr'>unguenti</span> <span class='ocrx_word' id='word_1_437' title='bbox 1799 1632 1956 1682; x_wconf 90' lang='lat' dir='ltr'>pretiosi</span> <span class='ocrx_word' id='word_1_438' title='bbox 1975 1637 2014 1670; x_wconf 91' lang='lat' dir='ltr'>et</span> 
     </span>
     <span class='ocr_line' id='line_1_131' title="bbox 1592 1685 2093 1738; baseline 0.002 -14"><span class='ocrx_word' id='word_1_439' title='bbox 1592 1685 1730 1725; x_wconf 89' lang='lat' dir='ltr'>infudit</span> <span class='ocrx_word' id='word_1_440' title='bbox 1750 1698 1865 1738; x_wconf 89' lang='lat' dir='ltr'>supra</span> <span class='ocrx_word' id='word_1_441' title='bbox 1879 1693 1996 1736; x_wconf 85' lang='lat' dir='ltr'>caput</span> <span class='ocrx_word' id='word_1_442' title='bbox 2010 1685 2093 1725; x_wconf 92' lang='lat' dir='ltr'>eius</span> 
     </span>
    </p>
   </div>
   <div class='ocr_carea' id='block_1_13' title="bbox 1592 1773 2093 3057">
    <p class='ocr_par' dir='ltr' id='par_1_36' title="bbox 1592 1773 2056 2084">
     <span class='ocr_line' id='line_1_132' title="bbox 1594 1773 1966 1824; baseline 0 -12"><span class='ocrx_word' id='word_1_443' title='bbox 1594 1773 1860 1812; x_wconf 90' lang='lat' dir='ltr'>Recumbente</span> <span class='ocrx_word' id='word_1_444' title='bbox 1879 1773 1966 1824; x_wconf 91' lang='lat' dir='ltr'>ipso</span> 
     </span>
     <span class='ocr_line' id='line_1_133' title="bbox 1594 1827 2056 1867; baseline 0 -1"><span class='ocrx_word' id='word_1_445' title='bbox 1594 1828 1791 1866; x_wconf 79' lang='lat' dir='ltr'>⁸Uidentis</span> <span class='ocrx_word' id='word_1_446' title='bbox 1810 1834 1941 1866; x_wconf 91' lang='lat' dir='ltr'>autem</span> <span class='ocrx_word' id='word_1_447' title='bbox 1961 1827 2056 1867; x_wconf 91' lang='lat' dir='ltr'>disci</span> 
     </span>
     <span class='ocr_line' id='line_1_134' title="bbox 1592 1882 1984 1933; baseline -0.003 -13"><span class='ocrx_word' id='word_1_448' title='bbox 1592 1883 1671 1933; x_wconf 92' lang='lat' dir='ltr'>puli</span> <span class='ocrx_word' id='word_1_449' title='bbox 1691 1882 1874 1933; x_wconf 88' lang='lat' dir='ltr'>indignati</span> <span class='ocrx_word' id='word_1_450' title='bbox 1894 1889 1984 1920; x_wconf 92' lang='lat' dir='ltr'>sunt</span> 
     </span>
     <span class='ocr_line' id='line_1_135' title="bbox 1594 1937 2027 1987; baseline -0.005 -12"><span class='ocrx_word' id='word_1_451' title='bbox 1594 1937 1765 1975; x_wconf 88' lang='lat' dir='ltr'>dicentes</span> <span class='ocrx_word' id='word_1_452' title='bbox 1784 1943 1825 1975; x_wconf 93' lang='lat' dir='ltr'>ut</span> <span class='ocrx_word' id='word_1_453' title='bbox 1846 1937 1938 1987; x_wconf 88' lang='lat' dir='ltr'>quid</span> <span class='ocrx_word' id='word_1_454' title='bbox 1957 1948 2027 1986; x_wconf 89' lang='lat' dir='ltr'>per</span> 
     </span>
     <span class='ocr_line' id='line_1_136' title="bbox 1594 1990 2038 2040; baseline -0.002 -11"><span class='ocrx_word' id='word_1_455' title='bbox 1594 1992 1687 2030; x_wconf 87' lang='lat' dir='ltr'>ditio</span> <span class='ocrx_word' id='word_1_456' title='bbox 1706 1990 1801 2029; x_wconf 86' lang='lat' dir='ltr'>haec</span> <span class='ocrx_word' id='word_1_457' title='bbox 1897 1990 2038 2040; x_wconf 73' lang='lat' dir='ltr'>”potuit</span> 
     </span>
     <span class='ocr_line' id='line_1_137' title="bbox 1593 2044 2008 2084; baseline -0.002 -1"><span class='ocrx_word' id='word_1_458' title='bbox 1593 2046 1697 2084; x_wconf 90' lang='lat' dir='ltr'>enim</span> <span class='ocrx_word' id='word_1_459' title='bbox 1716 2045 1807 2083; x_wconf 89' lang='lat' dir='ltr'>istut</span> <span class='ocrx_word' id='word_1_460' title='bbox 1825 2044 2008 2083; x_wconf 90' lang='lat' dir='ltr'>uenunda</span> 
     </span>
    </p>

    <p class='ocr_par' dir='ltr' id='par_1_37' title="bbox 1592 2098 2093 2257">
     <span class='ocr_line' id='line_1_138' title="bbox 1594 2098 2035 2149; baseline 0 -12"><span class='ocrx_word' id='word_1_461' title='bbox 1594 2100 1625 2137; x_wconf 85' lang='lat' dir='ltr'>ri</span> <span class='ocrx_word' id='word_1_462' title='bbox 1644 2105 1681 2137; x_wconf 89' lang='lat' dir='ltr'>et</span> <span class='ocrx_word' id='word_1_463' title='bbox 1700 2098 1781 2136; x_wconf 90' lang='lat' dir='ltr'>dari</span> <span class='ocrx_word' id='word_1_464' title='bbox 1800 2099 2035 2149; x_wconf 90' lang='lat' dir='ltr'>pauperibus</span> 
     </span>
     <span class='ocr_line' id='line_1_139' title="bbox 1592 2152 2093 2202; baseline 0 -11"><span class='ocrx_word' id='word_1_465' title='bbox 1592 2153 1620 2175; x_wconf 85' lang='lat'>¹⁰</span> <span class='ocrx_word' id='word_1_466' title='bbox 1630 2152 1750 2200; x_wconf 91' lang='lat' dir='ltr'>Quod</span> <span class='ocrx_word' id='word_1_467' title='bbox 1769 2160 1811 2191; x_wconf 94' lang='lat' dir='ltr'>ut</span> <span class='ocrx_word' id='word_1_468' title='bbox 1830 2153 2015 2202; x_wconf 90' lang='lat' dir='ltr'>cognouit</span> <span class='ocrx_word' id='word_1_469' title='bbox 2033 2153 2093 2191; x_wconf 78' lang='lat' dir='ltr'>ihs</span> 
     </span>
     <span class='ocr_line' id='line_1_140' title="bbox 1594 2206 2024 2257; baseline -0.005 -11"><span class='ocrx_word' id='word_1_470' title='bbox 1594 2208 1690 2246; x_wconf 87' lang='lat' dir='ltr'>dixit</span> <span class='ocrx_word' id='word_1_471' title='bbox 1710 2207 1781 2245; x_wconf 90' lang='lat' dir='ltr'>illis</span> <span class='ocrx_word' id='word_1_472' title='bbox 1801 2207 1882 2257; x_wconf 88' lang='lat' dir='ltr'>quit</span> <span class='ocrx_word' id='word_1_473' title='bbox 1901 2206 2024 2245; x_wconf 90' lang='lat' dir='ltr'>moles</span> 
     </span>
    </p>

    <p class='ocr_par' dir='ltr' id='par_1_38' title="bbox 1593 2261 2016 2366">
     <span class='ocr_line' id='line_1_141' title="bbox 1593 2261 2016 2311; baseline -0.002 -11"><span class='ocrx_word' id='word_1_474' title='bbox 1593 2262 1621 2300; x_wconf 93' lang='lat' dir='ltr'>ti</span> <span class='ocrx_word' id='word_1_475' title='bbox 1639 2261 1729 2300; x_wconf 90' lang='lat' dir='ltr'>estis</span> <span class='ocrx_word' id='word_1_476' title='bbox 1749 2261 1899 2299; x_wconf 87' lang='lat' dir='ltr'>mulieri</span> <span class='ocrx_word' id='word_1_477' title='bbox 1918 2273 2016 2311; x_wconf 91' lang='lat' dir='ltr'>opus</span> 
     </span>
     <span class='ocr_line' id='line_1_142' title="bbox 1593 2316 2002 2366; baseline 0 -12"><span class='ocrx_word' id='word_1_478' title='bbox 1593 2316 1698 2354; x_wconf 90' lang='lat' dir='ltr'>enim</span> <span class='ocrx_word' id='word_1_479' title='bbox 1716 2316 1862 2355; x_wconf 91' lang='lat' dir='ltr'>bonum</span> <span class='ocrx_word' id='word_1_480' title='bbox 1882 2327 2002 2366; x_wconf 88' lang='lat' dir='ltr'>opera</span> 
     </span>
    </p>

    <p class='ocr_par' dir='ltr' id='par_1_39' title="bbox 1594 2370 1850 2408">
     <span class='ocr_line' id='line_1_143' title="bbox 1594 2370 1850 2408; baseline -0.004 0"><span class='ocrx_word' id='word_1_481' title='bbox 1594 2376 1633 2408; x_wconf 88' lang='lat' dir='ltr'>ta</span> <span class='ocrx_word' id='word_1_482' title='bbox 1651 2376 1708 2408; x_wconf 90' lang='lat' dir='ltr'>est</span> <span class='ocrx_word' id='word_1_483' title='bbox 1727 2370 1767 2407; x_wconf 91' lang='lat' dir='ltr'>in</span> <span class='ocrx_word' id='word_1_484' title='bbox 1787 2381 1850 2408; x_wconf 91' lang='lat' dir='ltr'>me</span> 
     </span>
    </p>

    <p class='ocr_par' dir='ltr' id='par_1_40' title="bbox 1593 2423 2093 2516">
     <span class='ocr_line' id='line_1_144' title="bbox 1594 2423 2093 2474; baseline -0.004 -12"><span class='ocrx_word' id='word_1_485' title='bbox 1594 2423 1619 2444; x_wconf 85' lang='lat'>¹¹</span> <span class='ocrx_word' id='word_1_486' title='bbox 1629 2423 1667 2461; x_wconf 97' lang='lat' dir='ltr'>N</span> <span class='ocrx_word' id='word_1_487' title='bbox 1671 2436 1734 2462; x_wconf 92' lang='lat' dir='ltr'>am</span> <span class='ocrx_word' id='word_1_488' title='bbox 1742 2434 1933 2474; x_wconf 90' lang='lat' dir='ltr'>pauperes</span> <span class='ocrx_word' id='word_1_489' title='bbox 1941 2434 2093 2473; x_wconf 91' lang='lat' dir='ltr'>semper</span> 
     </span>
     <span class='ocr_line' id='line_1_145' title="bbox 1593 2477 1963 2516; baseline -0.005 0"><span class='ocrx_word' id='word_1_490' title='bbox 1593 2477 1741 2516; x_wconf 90' lang='lat' dir='ltr'>habetis</span> <span class='ocrx_word' id='word_1_491' title='bbox 1759 2477 1963 2516; x_wconf 89' lang='lat' dir='ltr'>uobiscum</span> 
     </span>
    </p>

    <p class='ocr_par' dir='ltr' id='par_1_41' title="bbox 1593 2539 2049 2852">
     <span class='ocr_line' id='line_1_146' title="bbox 1594 2539 1995 2570; baseline -0.002 -1"><span class='ocrx_word' id='word_1_492' title='bbox 1594 2544 1657 2570; x_wconf 92' lang='lat' dir='ltr'>me</span> <span class='ocrx_word' id='word_1_493' title='bbox 1677 2539 1806 2570; x_wconf 90' lang='lat' dir='ltr'>autem</span> <span class='ocrx_word' id='word_1_494' title='bbox 1826 2543 1906 2569; x_wconf 92' lang='lat' dir='ltr'>non</span> <span class='ocrx_word' id='word_1_495' title='bbox 1926 2543 1995 2569; x_wconf 92' lang='lat' dir='ltr'>sen</span> 
     </span>
     <span class='ocr_line' id='line_1_147' title="bbox 1593 2585 2049 2679; baseline 0.002 -2"><span class='ocrx_word' id='word_1_496' title='bbox 1593 2585 2049 2679; x_wconf 56' lang='lat' dir='ltr'>Mbeffl</span> 
     </span>
     <span class='ocr_line' id='line_1_148' title="bbox 1594 2693 1993 2743; baseline 0 -12"><span class='ocrx_word' id='word_1_497' title='bbox 1594 2701 1838 2743; x_wconf 88' lang='lat' dir='ltr'>unguentum</span> <span class='ocrx_word' id='word_1_498' title='bbox 1858 2693 1932 2732; x_wconf 93' lang='lat' dir='ltr'>hoc</span> <span class='ocrx_word' id='word_1_499' title='bbox 1953 2694 1993 2731; x_wconf 91' lang='lat' dir='ltr'>in</span> 
     </span>
     <span class='ocr_line' id='line_1_149' title="bbox 1594 2747 2016 2798; baseline -0.002 -11"><span class='ocrx_word' id='word_1_500' title='bbox 1594 2760 1735 2798; x_wconf 90' lang='lat' dir='ltr'>corpus</span> <span class='ocrx_word' id='word_1_501' title='bbox 1755 2759 1885 2786; x_wconf 90' lang='lat' dir='ltr'>meum</span> <span class='ocrx_word' id='word_1_502' title='bbox 1905 2747 1955 2785; x_wconf 89' lang='lat' dir='ltr'>ad</span> <span class='ocrx_word' id='word_1_503' title='bbox 1975 2759 2016 2786; x_wconf 92' lang='lat' dir='ltr'>se</span> 
     </span>
     <span class='ocr_line' id='line_1_150' title="bbox 1594 2801 2019 2852; baseline 0 -12"><span class='ocrx_word' id='word_1_504' title='bbox 1594 2802 1829 2852; x_wconf 89' lang='lat' dir='ltr'>pelliendum</span> <span class='ocrx_word' id='word_1_505' title='bbox 1848 2814 1911 2841; x_wconf 91' lang='lat' dir='ltr'>me</span> <span class='ocrx_word' id='word_1_506' title='bbox 1930 2801 2019 2840; x_wconf 91' lang='lat' dir='ltr'>fecit</span> 
     </span>
    </p>

    <p class='ocr_par' dir='ltr' id='par_1_42' title="bbox 1594 2856 2082 3057">
     <span class='ocr_line' id='line_1_151' title="bbox 1594 2856 2082 2895; baseline 0 -1"><span class='ocrx_word' id='word_1_507' title='bbox 1594 2856 1622 2878; x_wconf 85' lang='lat'>¹³</span> <span class='ocrx_word' id='word_1_508' title='bbox 1630 2856 1759 2894; x_wconf 89' lang='lat' dir='ltr'>Amen</span> <span class='ocrx_word' id='word_1_509' title='bbox 1779 2856 1867 2895; x_wconf 90' lang='lat' dir='ltr'>dico</span> <span class='ocrx_word' id='word_1_510' title='bbox 1886 2856 1997 2894; x_wconf 90' lang='lat' dir='ltr'>uobis</span> <span class='ocrx_word' id='word_1_511' title='bbox 2017 2856 2082 2894; x_wconf 91' lang='lat' dir='ltr'>ubi</span> 
     </span>
     <span class='ocr_line' id='line_1_152' title="bbox 1596 2910 2022 2960; baseline -0.005 -11"><span class='ocrx_word' id='word_1_512' title='bbox 1596 2922 1763 2960; x_wconf 90' lang='lat' dir='ltr'>cumque</span> <span class='ocrx_word' id='word_1_513' title='bbox 1783 2910 2022 2960; x_wconf 89' lang='lat' dir='ltr'>predicatum</span> 
     </span>
     <span class='ocr_line' id='line_1_153' title="bbox 1595 2963 2065 3013; baseline -0.004 -11"><span class='ocrx_word' id='word_1_514' title='bbox 1595 2964 1707 3003; x_wconf 85' lang='lat' dir='ltr'>suerit</span> <span class='ocrx_word' id='word_1_515' title='bbox 1725 2964 1801 3002; x_wconf 90' lang='lat' dir='ltr'>hoc</span> <span class='ocrx_word' id='word_1_516' title='bbox 1821 2963 2065 3013; x_wconf 89' lang='lat' dir='ltr'>euangelium</span> 
     </span>
     <span class='ocr_line' id='line_1_154' title="bbox 1595 3016 2071 3057; baseline -0.002 -1"><span class='ocrx_word' id='word_1_517' title='bbox 1595 3019 1636 3056; x_wconf 92' lang='lat' dir='ltr'>in</span> <span class='ocrx_word' id='word_1_518' title='bbox 1654 3024 1737 3057; x_wconf 91' lang='lat' dir='ltr'>toto</span> <span class='ocrx_word' id='word_1_519' title='bbox 1756 3016 1904 3056; x_wconf 88' lang='lat' dir='ltr'>mundo</span> <span class='ocrx_word' id='word_1_520' title='bbox 1923 3017 2071 3056; x_wconf 91' lang='lat' dir='ltr'>dicetur</span> 
     </span>
    </p>
   </div>
   <div class='ocr_carea' id='block_1_14' title="bbox 2123 346 2627 1695">
    <p class='ocr_par' dir='ltr' id='par_1_43' title="bbox 2123 346 2524 398">
     <span class='ocr_line' id='line_1_155' title="bbox 2123 346 2524 398; baseline 0.002 -13"><span class='ocrx_word' id='word_1_521' title='bbox 2123 346 2174 385; x_wconf 92' lang='lat' dir='ltr'>Et</span> <span class='ocrx_word' id='word_1_522' title='bbox 2193 347 2300 398; x_wconf 92' lang='lat' dir='ltr'>quod</span> <span class='ocrx_word' id='word_1_523' title='bbox 2320 347 2415 387; x_wconf 91' lang='lat' dir='ltr'>haec</span> <span class='ocrx_word' id='word_1_524' title='bbox 2434 347 2524 387; x_wconf 89' lang='lat' dir='ltr'>fecit</span> 
     </span>
    </p>

    <p class='ocr_par' dir='ltr' id='par_1_44' title="bbox 2125 401 2509 452">
     <span class='ocr_line' id='line_1_156' title="bbox 2125 401 2509 452; baseline 0.005 -14"><span class='ocrx_word' id='word_1_525' title='bbox 2125 401 2164 438; x_wconf 92' lang='lat' dir='ltr'>in</span> <span class='ocrx_word' id='word_1_526' title='bbox 2185 402 2371 440; x_wconf 90' lang='lat' dir='ltr'>memoria</span> <span class='ocrx_word' id='word_1_527' title='bbox 2391 403 2509 452; x_wconf 91' lang='lat' dir='ltr'>ipsius</span> 
     </span>
    </p>

    <p class='ocr_par' dir='ltr' id='par_1_45' title="bbox 2123 454 2573 494">
     <span class='ocr_line' id='line_1_157' title="bbox 2123 454 2573 494; baseline 0.002 -1"><span class='ocrx_word' id='word_1_528' title='bbox 2123 454 2152 476; x_wconf 81' lang='lat'>¹⁴</span> <span class='ocrx_word' id='word_1_529' title='bbox 2161 455 2276 494; x_wconf 89' lang='lat' dir='ltr'>Tunc</span> <span class='ocrx_word' id='word_1_530' title='bbox 2297 457 2387 494; x_wconf 86' lang='lat' dir='ltr'>auiit</span> <span class='ocrx_word' id='word_1_531' title='bbox 2405 468 2506 494; x_wconf 91' lang='lat' dir='ltr'>unus</span> <span class='ocrx_word' id='word_1_532' title='bbox 2525 455 2573 494; x_wconf 93' lang='lat' dir='ltr'>de</span> 
     </span>
    </p>

    <p class='ocr_par' dir='ltr' id='par_1_46' title="bbox 2125 508 2513 560">
     <span class='ocr_line' id='line_1_158' title="bbox 2125 508 2513 560; baseline 0 -13"><span class='ocrx_word' id='word_1_533' title='bbox 2125 508 2331 548; x_wconf 92' lang='lat' dir='ltr'>duodecim</span> <span class='ocrx_word' id='word_1_534' title='bbox 2351 511 2416 560; x_wconf 92' lang='lat' dir='ltr'>qui</span> <span class='ocrx_word' id='word_1_535' title='bbox 2437 510 2513 549; x_wconf 93' lang='lat' dir='ltr'>dici</span> 
     </span>
    </p>

    <p class='ocr_par' dir='ltr' id='par_1_47' title="bbox 2125 563 2499 603">
     <span class='ocr_line' id='line_1_159' title="bbox 2125 563 2499 603; baseline 0.005 -3"><span class='ocrx_word' id='word_1_536' title='bbox 2125 569 2186 601; x_wconf 91' lang='lat' dir='ltr'>tur</span> <span class='ocrx_word' id='word_1_537' title='bbox 2206 563 2313 602; x_wconf 90' lang='lat' dir='ltr'>iudas</span> <span class='ocrx_word' id='word_1_538' title='bbox 2332 564 2499 603; x_wconf 88' lang='lat' dir='ltr'>scarioth</span> 
     </span>
    </p>

    <p class='ocr_par' dir='ltr' id='par_1_48' title="bbox 2125 617 2555 668">
     <span class='ocr_line' id='line_1_160' title="bbox 2125 617 2555 668; baseline 0.007 -14"><span class='ocrx_word' id='word_1_539' title='bbox 2125 617 2175 655; x_wconf 92' lang='lat' dir='ltr'>ad</span> <span class='ocrx_word' id='word_1_540' title='bbox 2195 618 2375 668; x_wconf 89' lang='lat' dir='ltr'>principis</span> <span class='ocrx_word' id='word_1_541' title='bbox 2395 618 2555 657; x_wconf 90' lang='lat' dir='ltr'>sacerdo</span> 
     </span>
    </p>

    <p class='ocr_par' dir='ltr' id='par_1_49' title="bbox 2125 670 2624 723">
     <span class='ocr_line' id='line_1_161' title="bbox 2125 670 2624 723; baseline 0.002 -14"><span class='ocrx_word' id='word_1_542' title='bbox 2125 677 2209 709; x_wconf 89' lang='lat' dir='ltr'>tum</span> <span class='ocrx_word' id='word_1_543' title='bbox 2254 670 2282 692; x_wconf 79' lang='lat'>²⁶</span> <span class='ocrx_word' id='word_1_544' title='bbox 2290 679 2327 710; x_wconf 91' lang='lat' dir='ltr'>et</span> <span class='ocrx_word' id='word_1_545' title='bbox 2339 672 2389 710; x_wconf 91' lang='lat' dir='ltr'>ait</span> <span class='ocrx_word' id='word_1_546' title='bbox 2405 672 2476 710; x_wconf 89' lang='lat' dir='ltr'>illis</span> <span class='ocrx_word' id='word_1_547' title='bbox 2531 671 2624 723; x_wconf 92' lang='lat' dir='ltr'>quid</span> 
     </span>
    </p>

    <p class='ocr_par' dir='ltr' id='par_1_50' title="bbox 2125 725 2519 765">
     <span class='ocr_line' id='line_1_162' title="bbox 2125 725 2519 765; baseline 0.008 -3"><span class='ocrx_word' id='word_1_548' title='bbox 2125 725 2240 763; x_wconf 89' lang='lat' dir='ltr'>uultis</span> <span class='ocrx_word' id='word_1_549' title='bbox 2258 725 2351 763; x_wconf 85' lang='lat' dir='ltr'>mihi</span> <span class='ocrx_word' id='word_1_550' title='bbox 2370 726 2461 764; x_wconf 91' lang='lat' dir='ltr'>dare</span> <span class='ocrx_word' id='word_1_551' title='bbox 2481 733 2519 765; x_wconf 91' lang='lat' dir='ltr'>et</span> 
     </span>
    </p>

    <p class='ocr_par' dir='ltr' id='par_1_51' title="bbox 2126 779 2518 829">
     <span class='ocr_line' id='line_1_163' title="bbox 2126 779 2518 829; baseline 0.005 -12"><span class='ocrx_word' id='word_1_552' title='bbox 2126 791 2201 829; x_wconf 89' lang='lat' dir='ltr'>ego</span> <span class='ocrx_word' id='word_1_553' title='bbox 2223 779 2333 818; x_wconf 91' lang='lat' dir='ltr'>uobis</span> <span class='ocrx_word' id='word_1_554' title='bbox 2352 791 2442 817; x_wconf 90' lang='lat' dir='ltr'>eum</span> <span class='ocrx_word' id='word_1_555' title='bbox 2461 787 2518 819; x_wconf 88' lang='lat' dir='ltr'>tra.</span> 
     </span>
    </p>

    <p class='ocr_par' dir='ltr' id='par_1_52' title="bbox 2125 833 2217 871">
     <span class='ocr_line' id='line_1_164' title="bbox 2125 833 2217 871; baseline -0.011 0"><span class='ocrx_word' id='word_1_556' title='bbox 2125 833 2217 871; x_wconf 91' lang='lat' dir='ltr'>dam</span> 
     </span>
    </p>

    <p class='ocr_par' dir='ltr' id='par_1_53' title="bbox 2125 886 2556 926">
     <span class='ocr_line' id='line_1_165' title="bbox 2125 886 2556 926; baseline 0.005 -2"><span class='ocrx_word' id='word_1_557' title='bbox 2125 887 2189 925; x_wconf 94' lang='lat' dir='ltr'>Ad</span> <span class='ocrx_word' id='word_1_558' title='bbox 2208 886 2261 924; x_wconf 90' lang='lat' dir='ltr'>illi</span> <span class='ocrx_word' id='word_1_559' title='bbox 2280 887 2556 926; x_wconf 85' lang='lat' dir='ltr'>constituerunt</span> 
     </span>
    </p>

    <p class='ocr_par' dir='ltr' id='par_1_54' title="bbox 2126 941 2608 991">
     <span class='ocr_line' id='line_1_166' title="bbox 2126 941 2608 991; baseline 0.004 -12"><span class='ocrx_word' id='word_1_560' title='bbox 2126 941 2161 979; x_wconf 91' lang='lat' dir='ltr'>ei</span> <span class='ocrx_word' id='word_1_561' title='bbox 2181 954 2260 979; x_wconf 87' lang='lat' dir='ltr'>xxx</span> <span class='ocrx_word' id='word_1_562' title='bbox 2282 961 2291 970; x_wconf 93' lang='lat'><strong>·</strong></span> <span class='ocrx_word' id='word_1_563' title='bbox 2311 948 2516 991; x_wconf 89' lang='lat' dir='ltr'>argenteos</span> <span class='ocrx_word' id='word_1_564' title='bbox 2535 941 2608 981; x_wconf 81' lang='lat' dir='ltr'>¹⁶et</span> 
     </span>
    </p>

    <p class='ocr_par' dir='ltr' id='par_1_55' title="bbox 2126 996 2516 1046">
     <span class='ocr_line' id='line_1_167' title="bbox 2126 996 2516 1046; baseline 0.005 -13"><span class='ocrx_word' id='word_1_565' title='bbox 2126 996 2266 1034; x_wconf 85' lang='lat' dir='ltr'>exinde</span> <span class='ocrx_word' id='word_1_566' title='bbox 2286 997 2472 1046; x_wconf 89' lang='lat' dir='ltr'>querebat</span> <span class='ocrx_word' id='word_1_567' title='bbox 2490 1009 2516 1035; x_wconf 95' lang='lat'>0</span> 
     </span>
    </p>

    <p class='ocr_par' dir='ltr' id='par_1_56' title="bbox 2126 1050 2571 1100">
     <span class='ocr_line' id='line_1_168' title="bbox 2126 1050 2571 1100; baseline 0.002 -13"><span class='ocrx_word' id='word_1_568' title='bbox 2126 1050 2399 1100; x_wconf 89' lang='lat' dir='ltr'>portunitatem</span> <span class='ocrx_word' id='word_1_569' title='bbox 2420 1057 2462 1088; x_wconf 89' lang='lat' dir='ltr'>ut</span> <span class='ocrx_word' id='word_1_570' title='bbox 2480 1062 2571 1088; x_wconf 90' lang='lat' dir='ltr'>eum</span> 
     </span>
    </p>

    <p class='ocr_par' dir='ltr' id='par_1_57' title="bbox 2125 1104 2293 1142">
     <span class='ocr_line' id='line_1_169' title="bbox 2125 1104 2293 1142; baseline 0 0"><span class='ocrx_word' id='word_1_571' title='bbox 2125 1104 2293 1142; x_wconf 89' lang='lat' dir='ltr'>traderet</span> 
     </span>
    </p>

    <p class='ocr_par' dir='ltr' id='par_1_58' title="bbox 2124 1157 2627 1265">
     <span class='ocr_line' id='line_1_170' title="bbox 2124 1157 2625 1196; baseline 0.004 -2"><span class='ocrx_word' id='word_1_572' title='bbox 2124 1157 2274 1194; x_wconf 68' lang='grc' dir='ltr'>ωωῑιι17</span> <span class='ocrx_word' id='word_1_573' title='bbox 2319 1157 2460 1196; x_wconf 85' lang='lat' dir='ltr'>Prima</span> <span class='ocrx_word' id='word_1_574' title='bbox 2505 1162 2625 1196; x_wconf 81' lang='lat' dir='ltr'>autem</span> 
     </span>
     <span class='ocr_line' id='line_1_171' title="bbox 2479 1209 2627 1265; baseline 0 -15"><span class='ocrx_word' id='word_1_575' title='bbox 2479 1209 2627 1265; x_wconf 54' lang='lat' dir='ltr'>[azymo</span> 
     </span>
    </p>

    <p class='ocr_par' dir='ltr' id='par_1_59' title="bbox 2126 1266 2479 1304">
     <span class='ocr_line' id='line_1_172' title="bbox 2126 1266 2479 1304; baseline 0.003 -1"><span class='ocrx_word' id='word_1_576' title='bbox 2126 1277 2212 1303; x_wconf 90' lang='lat' dir='ltr'>rum</span> <span class='ocrx_word' id='word_1_577' title='bbox 2232 1266 2479 1304; x_wconf 89' lang='lat' dir='ltr'>adcesserunt</span> 
     </span>
    </p>

    <p class='ocr_par' dir='ltr' id='par_1_60' title="bbox 2126 1319 2608 1370">
     <span class='ocr_line' id='line_1_173' title="bbox 2126 1319 2608 1370; baseline 0 -12"><span class='ocrx_word' id='word_1_578' title='bbox 2126 1319 2299 1370; x_wconf 90' lang='lat' dir='ltr'>discipuli</span> <span class='ocrx_word' id='word_1_579' title='bbox 2322 1321 2371 1358; x_wconf 89' lang='lat' dir='ltr'>ad</span> <span class='ocrx_word' id='word_1_580' title='bbox 2391 1320 2472 1358; x_wconf 80' lang='lat' dir='ltr'>ihm</span> <span class='ocrx_word' id='word_1_581' title='bbox 2492 1319 2608 1359; x_wconf 66' lang='lat' dir='ltr'>dice-</span> 
     </span>
    </p>

    <p class='ocr_par' dir='ltr' id='par_1_61' title="bbox 2125 1374 2549 1425">
     <span class='ocr_line' id='line_1_174' title="bbox 2125 1374 2549 1425; baseline 0.005 -14"><span class='ocrx_word' id='word_1_582' title='bbox 2125 1380 2183 1412; x_wconf 91' lang='lat' dir='ltr'>tes</span> <span class='ocrx_word' id='word_1_583' title='bbox 2203 1374 2268 1411; x_wconf 92' lang='lat' dir='ltr'>ubi</span> <span class='ocrx_word' id='word_1_584' title='bbox 2288 1375 2347 1412; x_wconf 89' lang='lat' dir='ltr'>uis</span> <span class='ocrx_word' id='word_1_585' title='bbox 2367 1386 2549 1425; x_wconf 90' lang='lat' dir='ltr'>paremus</span> 
     </span>
    </p>

    <p class='ocr_par' dir='ltr' id='par_1_62' title="bbox 2124 1428 2539 1479">
     <span class='ocr_line' id='line_1_175' title="bbox 2124 1428 2539 1479; baseline 0.002 -13"><span class='ocrx_word' id='word_1_586' title='bbox 2124 1428 2193 1466; x_wconf 90' lang='lat' dir='ltr'>tibi</span> <span class='ocrx_word' id='word_1_587' title='bbox 2212 1429 2448 1467; x_wconf 88' lang='lat' dir='ltr'>manducare</span> <span class='ocrx_word' id='word_1_588' title='bbox 2467 1440 2539 1479; x_wconf 90' lang='lat' dir='ltr'>pas</span> 
     </span>
    </p>

    <p class='ocr_par' dir='ltr' id='par_1_63' title="bbox 2126 1481 2201 1520">
     <span class='ocr_line' id='line_1_176' title="bbox 2126 1481 2201 1520; baseline 0 0"><span class='ocrx_word' id='word_1_589' title='bbox 2126 1481 2201 1520; x_wconf 90' lang='lat' dir='ltr'>cha</span> 
     </span>
    </p>

    <p class='ocr_par' dir='ltr' id='par_1_64' title="bbox 2125 1534 2627 1575">
     <span class='ocr_line' id='line_1_177' title="bbox 2125 1534 2627 1575; baseline 0.004 -2"><span class='ocrx_word' id='word_1_590' title='bbox 2125 1534 2222 1574; x_wconf 81' lang='lat' dir='ltr'>¹⁸Ad</span> <span class='ocrx_word' id='word_1_591' title='bbox 2238 1535 2298 1574; x_wconf 90' lang='lat' dir='ltr'>ille</span> <span class='ocrx_word' id='word_1_592' title='bbox 2313 1535 2407 1574; x_wconf 90' lang='lat' dir='ltr'>dixit</span> <span class='ocrx_word' id='word_1_593' title='bbox 2421 1536 2471 1575; x_wconf 89' lang='lat' dir='ltr'>ite</span> <span class='ocrx_word' id='word_1_594' title='bbox 2490 1536 2530 1574; x_wconf 89' lang='lat' dir='ltr'>in</span> <span class='ocrx_word' id='word_1_595' title='bbox 2549 1536 2627 1575; x_wconf 89' lang='lat' dir='ltr'>ciui</span> 
     </span>
    </p>

    <p class='ocr_par' dir='ltr' id='par_1_65' title="bbox 2126 1589 2529 1640">
     <span class='ocr_line' id='line_1_178' title="bbox 2126 1589 2529 1640; baseline 0 -12"><span class='ocrx_word' id='word_1_596' title='bbox 2126 1596 2246 1628; x_wconf 91' lang='lat' dir='ltr'>tatem</span> <span class='ocrx_word' id='word_1_597' title='bbox 2265 1589 2315 1628; x_wconf 93' lang='lat' dir='ltr'>ad</span> <span class='ocrx_word' id='word_1_598' title='bbox 2333 1591 2529 1640; x_wconf 90' lang='lat' dir='ltr'>quendam</span> 
     </span>
    </p>

    <p class='ocr_par' dir='ltr' id='par_1_66' title="bbox 2125 1643 2532 1695">
     <span class='ocr_line' id='line_1_179' title="bbox 2125 1643 2532 1695; baseline 0.005 -13"><span class='ocrx_word' id='word_1_599' title='bbox 2125 1651 2164 1682; x_wconf 91' lang='lat' dir='ltr'>et</span> <span class='ocrx_word' id='word_1_600' title='bbox 2183 1643 2297 1683; x_wconf 91' lang='lat' dir='ltr'>dicite</span> <span class='ocrx_word' id='word_1_601' title='bbox 2316 1645 2352 1683; x_wconf 90' lang='lat' dir='ltr'>ei</span> <span class='ocrx_word' id='word_1_602' title='bbox 2406 1645 2532 1695; x_wconf 88' lang='lat' dir='ltr'>magis</span> 
     </span>
    </p>
   </div>
   <div class='ocr_carea' id='block_1_15' title="bbox 2125 1774 2628 3110">
    <p class='ocr_par' dir='ltr' id='par_1_67' title="bbox 2125 1774 2628 3056">
     <span class='ocr_line' id='line_1_180' title="bbox 2126 1774 2572 1826; baseline 0 -12"><span class='ocrx_word' id='word_1_603' title='bbox 2126 1774 2209 1814; x_wconf 90' lang='lat' dir='ltr'>Ter</span> <span class='ocrx_word' id='word_1_604' title='bbox 2227 1775 2318 1815; x_wconf 91' lang='lat' dir='ltr'>dicit</span> <span class='ocrx_word' id='word_1_605' title='bbox 2337 1781 2489 1826; x_wconf 91' lang='lat' dir='ltr'>tempus</span> <span class='ocrx_word' id='word_1_606' title='bbox 2507 1787 2572 1814; x_wconf 90' lang='lat' dir='ltr'>me</span> 
     </span>
     <span class='ocr_line' id='line_1_181' title="bbox 2125 1837 2577 1880; baseline 0.002 -12"><span class='ocrx_word' id='word_1_607' title='bbox 2125 1841 2193 1868; x_wconf 90' lang='lat' dir='ltr'>um</span> <span class='ocrx_word' id='word_1_608' title='bbox 2212 1841 2333 1880; x_wconf 88' lang='lat' dir='ltr'>prope</span> <span class='ocrx_word' id='word_1_609' title='bbox 2352 1837 2410 1868; x_wconf 92' lang='lat' dir='ltr'>est</span> <span class='ocrx_word' id='word_1_610' title='bbox 2428 1837 2520 1880; x_wconf 88' lang='lat' dir='ltr'>aput</span> <span class='ocrx_word' id='word_1_611' title='bbox 2539 1837 2577 1869; x_wconf 89' lang='lat' dir='ltr'>te</span> 
     </span>
     <span class='ocr_line' id='line_1_182' title="bbox 2126 1883 2549 1934; baseline 0.002 -12"><span class='ocrx_word' id='word_1_612' title='bbox 2126 1883 2226 1922; x_wconf 89' lang='lat' dir='ltr'>facio</span> <span class='ocrx_word' id='word_1_613' title='bbox 2245 1896 2333 1922; x_wconf 94' lang='lat' dir='ltr'>cum</span> <span class='ocrx_word' id='word_1_614' title='bbox 2353 1884 2549 1934; x_wconf 87' lang='lat' dir='ltr'>discipulis</span> 
     </span>
     <span class='ocr_line' id='line_1_183' title="bbox 2126 1937 2385 1988; baseline 0.004 -13"><span class='ocrx_word' id='word_1_615' title='bbox 2126 1938 2222 1975; x_wconf 91' lang='lat' dir='ltr'>meis</span> <span class='ocrx_word' id='word_1_616' title='bbox 2240 1937 2385 1988; x_wconf 85' lang='lat' dir='ltr'>pascha</span> 
     </span>
     <span class='ocr_line' id='line_1_184' title="bbox 2125 1991 2596 2041; baseline -0.002 -11"><span class='ocrx_word' id='word_1_617' title='bbox 2125 1991 2211 2030; x_wconf 86' lang='lat' dir='ltr'>²⁹Et</span> <span class='ocrx_word' id='word_1_618' title='bbox 2230 1991 2399 2030; x_wconf 90' lang='lat' dir='ltr'>fecerunt</span> <span class='ocrx_word' id='word_1_619' title='bbox 2419 1991 2596 2041; x_wconf 89' lang='lat' dir='ltr'>discipuli</span> 
     </span>
     <span class='ocr_line' id='line_1_185' title="bbox 2127 2046 2533 2084; baseline -0.002 0"><span class='ocrx_word' id='word_1_620' title='bbox 2127 2046 2223 2084; x_wconf 90' lang='lat' dir='ltr'>sicut</span> <span class='ocrx_word' id='word_1_621' title='bbox 2243 2046 2440 2084; x_wconf 88' lang='lat' dir='ltr'>constituit</span> <span class='ocrx_word' id='word_1_622' title='bbox 2460 2046 2533 2083; x_wconf 91' lang='lat' dir='ltr'>illis</span> 
     </span>
     <span class='ocr_line' id='line_1_186' title="bbox 2126 2100 2584 2150; baseline 0 -12"><span class='ocrx_word' id='word_1_623' title='bbox 2126 2100 2185 2138; x_wconf 82' lang='lat' dir='ltr'>ihs</span> <span class='ocrx_word' id='word_1_624' title='bbox 2205 2107 2242 2139; x_wconf 92' lang='lat' dir='ltr'>et</span> <span class='ocrx_word' id='word_1_625' title='bbox 2260 2106 2495 2150; x_wconf 86' lang='lat' dir='ltr'>parauerunt</span> <span class='ocrx_word' id='word_1_626' title='bbox 2513 2111 2584 2150; x_wconf 87' lang='lat' dir='ltr'>pas</span> 
     </span>
     <span class='ocr_line' id='line_1_187' title="bbox 2127 2155 2202 2193; baseline -0.013 0"><span class='ocrx_word' id='word_1_627' title='bbox 2127 2155 2202 2193; x_wconf 90' lang='lat' dir='ltr'>cha</span> 
     </span>
     <span class='ocr_line' id='line_1_188' title="bbox 2126 2207 2605 2258; baseline -0.002 -12"><span class='ocrx_word' id='word_1_628' title='bbox 2126 2208 2333 2258; x_wconf 84' lang='lat' dir='ltr'>2⁰Uespere</span> <span class='ocrx_word' id='word_1_629' title='bbox 2354 2214 2484 2246; x_wconf 90' lang='lat' dir='ltr'>autem</span> <span class='ocrx_word' id='word_1_630' title='bbox 2504 2207 2605 2246; x_wconf 90' lang='lat' dir='ltr'>facto</span> 
     </span>
     <span class='ocr_line' id='line_1_189' title="bbox 2126 2262 2566 2301; baseline -0.002 -1"><span class='ocrx_word' id='word_1_631' title='bbox 2126 2262 2317 2301; x_wconf 91' lang='lat' dir='ltr'>discubuit</span> <span class='ocrx_word' id='word_1_632' title='bbox 2336 2262 2394 2299; x_wconf 82' lang='lat' dir='ltr'>ihs</span> <span class='ocrx_word' id='word_1_633' title='bbox 2476 2274 2566 2300; x_wconf 93' lang='lat' dir='ltr'>cum</span> 
     </span>
     <span class='ocr_line' id='line_1_190' title="bbox 2126 2316 2551 2367; baseline 0 -13"><span class='ocrx_word' id='word_1_634' title='bbox 2126 2316 2333 2355; x_wconf 90' lang='lat' dir='ltr'>duodecim</span> <span class='ocrx_word' id='word_1_635' title='bbox 2353 2316 2551 2367; x_wconf 87' lang='lat' dir='ltr'>discipulis</span> 
     </span>
     <span class='ocr_line' id='line_1_191' title="bbox 2127 2371 2206 2408; baseline 0 0"><span class='ocrx_word' id='word_1_636' title='bbox 2127 2371 2206 2408; x_wconf 91' lang='lat' dir='ltr'>suis</span> 
     </span>
     <span class='ocr_line' id='line_1_192' title="bbox 2126 2423 2628 2463; baseline 0 -1"><span class='ocrx_word' id='word_1_637' title='bbox 2126 2424 2212 2462; x_wconf 77' lang='lat' dir='ltr'>2¹Et</span> <span class='ocrx_word' id='word_1_638' title='bbox 2227 2423 2428 2462; x_wconf 91' lang='lat' dir='ltr'>edentibus</span> <span class='ocrx_word' id='word_1_639' title='bbox 2442 2423 2512 2462; x_wconf 90' lang='lat' dir='ltr'>illis</span> <span class='ocrx_word' id='word_1_640' title='bbox 2532 2423 2628 2463; x_wconf 87' lang='lat' dir='ltr'>dixit</span> 
     </span>
     <span class='ocr_line' id='line_1_193' title="bbox 2126 2478 2483 2517; baseline 0 -1"><span class='ocrx_word' id='word_1_641' title='bbox 2126 2490 2243 2517; x_wconf 89' lang='lat' dir='ltr'>amen</span> <span class='ocrx_word' id='word_1_642' title='bbox 2262 2478 2351 2516; x_wconf 93' lang='lat' dir='ltr'>dico</span> <span class='ocrx_word' id='word_1_643' title='bbox 2371 2478 2483 2516; x_wconf 91' lang='lat' dir='ltr'>uobis</span> 
     </span>
     <span class='ocr_line' id='line_1_194' title="bbox 2127 2532 2546 2584; baseline 0 -14"><span class='ocrx_word' id='word_1_644' title='bbox 2127 2532 2234 2584; x_wconf 91' lang='lat' dir='ltr'>quod</span> <span class='ocrx_word' id='word_1_645' title='bbox 2255 2544 2355 2571; x_wconf 92' lang='lat' dir='ltr'>unus</span> <span class='ocrx_word' id='word_1_646' title='bbox 2374 2539 2546 2571; x_wconf 90' lang='lat' dir='ltr'>uestrum</span> 
     </span>
     <span class='ocr_line' id='line_1_195' title="bbox 2127 2586 2490 2625; baseline 0 -1"><span class='ocrx_word' id='word_1_647' title='bbox 2127 2599 2191 2624; x_wconf 92' lang='lat' dir='ltr'>me</span> <span class='ocrx_word' id='word_1_648' title='bbox 2210 2586 2415 2625; x_wconf 88' lang='lat' dir='ltr'>traditurus</span> <span class='ocrx_word' id='word_1_649' title='bbox 2433 2593 2490 2624; x_wconf 92' lang='lat' dir='ltr'>est</span> 
     </span>
     <span class='ocr_line' id='line_1_196' title="bbox 2128 2640 2576 2679; baseline 0 0"><span class='ocrx_word' id='word_1_650' title='bbox 2128 2641 2213 2679; x_wconf 81' lang='lat' dir='ltr'>²2Et</span> <span class='ocrx_word' id='word_1_651' title='bbox 2233 2640 2443 2679; x_wconf 89' lang='lat' dir='ltr'>contristati</span> <span class='ocrx_word' id='word_1_652' title='bbox 2462 2641 2576 2679; x_wconf 88' lang='lat' dir='ltr'>nimis</span> 
     </span>
     <span class='ocr_line' id='line_1_197' title="bbox 2128 2694 2548 2745; baseline -0.005 -11"><span class='ocrx_word' id='word_1_653' title='bbox 2128 2701 2285 2745; x_wconf 90' lang='lat' dir='ltr'>ceperut</span> <span class='ocrx_word' id='word_1_654' title='bbox 2305 2694 2445 2744; x_wconf 85' lang='lat' dir='ltr'>singuli</span> <span class='ocrx_word' id='word_1_655' title='bbox 2464 2694 2548 2732; x_wconf 92' lang='lat' dir='ltr'>dice</span> 
     </span>
     <span class='ocr_line' id='line_1_198' title="bbox 2128 2748 2580 2799; baseline -0.002 -13"><span class='ocrx_word' id='word_1_656' title='bbox 2128 2761 2169 2788; x_wconf 93' lang='lat' dir='ltr'>re</span> <span class='ocrx_word' id='word_1_657' title='bbox 2190 2748 2377 2799; x_wconf 90' lang='lat' dir='ltr'>numquid</span> <span class='ocrx_word' id='word_1_658' title='bbox 2396 2760 2472 2797; x_wconf 91' lang='lat' dir='ltr'>ego</span> <span class='ocrx_word' id='word_1_659' title='bbox 2493 2759 2580 2786; x_wconf 90' lang='lat' dir='ltr'>sum</span> 
     </span>
     <span class='ocr_line' id='line_1_199' title="bbox 2127 2803 2203 2841; baseline 0 0"><span class='ocrx_word' id='word_1_660' title='bbox 2127 2803 2203 2841; x_wconf 77' lang='lat' dir='ltr'>dfre</span> 
     </span>
     <span class='ocr_line' id='line_1_200' title="bbox 2127 2854 2598 2906; baseline 0.002 -13"><span class='ocrx_word' id='word_1_661' title='bbox 2127 2855 2253 2906; x_wconf 83' lang='lat' dir='ltr'>²³Ipse</span> <span class='ocrx_word' id='word_1_662' title='bbox 2273 2866 2366 2893; x_wconf 91' lang='lat' dir='ltr'>uero</span> <span class='ocrx_word' id='word_1_663' title='bbox 2386 2854 2598 2905; x_wconf 89' lang='lat' dir='ltr'>respondes</span> 
     </span>
     <span class='ocr_line' id='line_1_201' title="bbox 2128 2909 2599 2959; baseline 0 -11"><span class='ocrx_word' id='word_1_664' title='bbox 2128 2911 2179 2948; x_wconf 89' lang='lat' dir='ltr'>ait</span> <span class='ocrx_word' id='word_1_665' title='bbox 2198 2909 2263 2959; x_wconf 91' lang='lat' dir='ltr'>qui</span> <span class='ocrx_word' id='word_1_666' title='bbox 2283 2909 2435 2958; x_wconf 88' lang='lat' dir='ltr'>intingit</span> <span class='ocrx_word' id='word_1_667' title='bbox 2455 2914 2599 2948; x_wconf 66' lang='lat' dir='ltr'>mecu-</span> 
     </span>
     <span class='ocr_line' id='line_1_202' title="bbox 2127 2963 2600 3013; baseline 0.002 -12"><span class='ocrx_word' id='word_1_668' title='bbox 2127 2974 2287 3001; x_wconf 88' lang='lat' dir='ltr'>manum</span> <span class='ocrx_word' id='word_1_669' title='bbox 2308 2963 2347 3000; x_wconf 91' lang='lat' dir='ltr'>in</span> <span class='ocrx_word' id='word_1_670' title='bbox 2368 2963 2600 3013; x_wconf 69' lang='lat' dir='ltr'>parapside*</span> 
     </span>
     <span class='ocr_line' id='line_1_203' title="bbox 2128 3016 2414 3056; baseline 0.003 -1"><span class='ocrx_word' id='word_1_671' title='bbox 2128 3016 2190 3056; x_wconf 92' lang='lat' dir='ltr'>hic</span> <span class='ocrx_word' id='word_1_672' title='bbox 2209 3029 2272 3055; x_wconf 92' lang='lat' dir='ltr'>me</span> <span class='ocrx_word' id='word_1_673' title='bbox 2293 3017 2414 3056; x_wconf 91' lang='lat' dir='ltr'>tradet</span> 
     </span>
    </p>

    <p class='ocr_par' dir='ltr' id='par_1_68' title="bbox 2489 3083 2546 3110">
     <span class='ocr_line' id='line_1_204' title="bbox 2489 3083 2546 3110; baseline 0 0"><span class='ocrx_word' id='word_1_674' title='bbox 2489 3083 2546 3110; x_wconf 82' lang='lat' dir='ltr'>un</span> 
     </span>
    </p>
   </div>
  </div>
 </body>
</html>
