2820 3334
420 211 469 247 62

421 295 506 326 1²01.
522 295 599 325 121.

423 336 486 376 Ne
505 349 638 376 coram
657 336 750 376 dffio
768 337 862 375 ''sed

423 398 463 430 et
481 391 608 442 capilli
628 392 762 442 capitis
781 403 849 430 ues

424 446 472 484 tri
491 457 630 484 omnes
648 446 837 483 numerati

425 506 516 538 sunt
534 499 652 538 nolite
671 500 805 537 timere

424 554 556 591 multis
574 554 792 603 passeribus
811 552 878 604 plu

426 608 478 645 ris
498 608 588 645 estis

424 661 547 700 ⁸Dico
566 660 679 699 uobis
697 660 825 699 omnis
843 660 910 711 qui

425 727 592 765 cumque
612 715 810 753 confessus

425 769 540 808 fuerit
558 782 621 807 me
641 781 774 808 coram
793 769 845 807 ho

426 824 596 861 minibus
614 830 652 861 et
672 823 770 861 filius
788 823 841 861 ho

426 878 543 916 minis
563 877 805 916 confitebitur

425 932 466 969 in
485 931 550 970 illo
570 940 661 970 cum
680 931 827 982 angelis
846 930 886 968 di

427 985 511 1036 ⁹qui
530 993 660 1023 autern
680 985 880 1035 negauerit

425 1051 489 1077 me
509 1051 641 1078 coram
660 1039 806 1078 homini

427 1094 500 1132 bus
518 1093 772 1142 denegabitur
791 1098 829 1131 et

426 1148 509 1197 ipse
529 1159 663 1186 coram
682 1147 827 1197 angelis

425 1201 466 1239 di
612 1201 683 1238 ¹⁰et
702 1201 832 1239 omnis

426 1255 493 1305 qui
512 1254 603 1293 dicit
621 1256 784 1293 uerbum
803 1256 844 1293 in

426 1310 548 1347 filiurn
567 1309 735 1347 hominis
756 1321 797 1347 re

426 1364 596 1401 mittetur
615 1363 665 1400 illi
685 1364 723 1400 in
743 1366 817 1413 spu
836 1374 886 1401 au

426 1424 507 1455 tem
526 1423 662 1455 sancto
681 1417 748 1467 qui
768 1418 855 1455 dixe

426 1471 474 1509 rit
493 1483 574 1510 non
593 1471 807 1510 remittetur

428 1526 483 1563 eis

427 1579 454 1600 ¹¹
462 1578 564 1618 Cum
582 1585 715 1617 autem
734 1578 919 1618 inducent

426 1764 500 1790 uos
519 1752 559 1790 in
579 1764 798 1802 synagogas
817 1760 855 1791 et

427 1807 478 1845 ad
497 1807 744 1856 magistratus
764 1813 803 1845 et

427 1867 637 1911 potestates
656 1861 775 1899 nolite
795 1860 852 1899 sol

427 1915 518 1953 liciti
537 1922 638 1965 estse
659 1915 821 1965 qualiter

427 1969 694 2018 respondeatis
714 1975 778 2007 aut
798 1969 836 2007 di

427 2023 521 2062 catis
536 2022 564 2043 ¹²
572 2026 638 2072 sps
654 2024 757 2061 enim
773 2029 929 2062 sanctus

429 2076 585 2115 docebit
604 2088 675 2115 uos
694 2077 734 2114 in
753 2077 816 2115 illa

429 2131 527 2169 hora
545 2130 639 2180 quid
658 2137 834 2181 oporteat

429 2185 554 2223 dicere

430 2237 577 2276 XL¹³Et
585 2239 644 2275 az‘l
651 2239 802 2288 quidam
815 2239 857 2277 de
867 2243 931 2278 lur

430 2293 481 2331 ba
499 2293 681 2342 magister
700 2292 761 2331 dic
781 2292 838 2331 fra

430 2347 478 2384 tri
497 2359 586 2385 meo
606 2354 647 2384 ut
666 2346 810 2385 diuidat
829 2359 893 2386 me

432 2412 522 2439 cum
542 2400 794 2439 hereditatem

431 2454 530 2493 14Αά
549 2454 609 2493 ihs
628 2455 724 2494 dixit
742 2455 778 2493 ei
797 2455 917 2495 homo

430 2509 517 2558 quis
536 2509 731 2548 constituit
751 2521 812 2548 me
833 2510 872 2549 iu

430 2563 557 2601 dicem
576 2569 641 2601 aut
660 2563 856 2602 diuisore*

431 2629 546 2667 super
564 2629 637 2655 uos
709 2617 838 2656 ¹⁶dixit

431 2682 508 2721 que
527 2671 576 2708 ad
596 2671 680 2711 illos
699 2673 828 2711 uidete

429 2730 469 2762 et
487 2732 621 2762 cauete
641 2727 690 2763 ab
709 2727 817 2765 omni

431 2778 593 2815 auaritia
612 2779 702 2828 quia
722 2792 803 2818 non

431 2832 471 2870 in
491 2831 598 2870 omni
617 2833 829 2871 abundanti

431 2897 496 2925 am
515 2885 741 2936 cuiusquam
761 2888 799 2925 ui

430 2946 492 2978 tae
513 2939 596 2978 eius
614 2946 673 2978 est
692 2953 740 2978 ex
761 2940 819 2979 his
839 2953 877 2991 q·

431 2993 603 3045 possidet
641 2993 770 3033 ¹⁶dixit
788 3001 905 3033 aute-

653 205 1066 246 EUANGELIUM
1091 205 1202 245 SEC

959 336 1255 375 Similitudinem
1275 335 1325 374 ad
1344 335 1370 373 il

958 391 1015 429 los
1035 391 1166 429 dicens
1222 389 1392 428 hominis

958 445 1159 483 cuiusdam
1180 444 1307 482 diuitis
1325 444 1400 482 ube

959 511 1022 537 res
1041 499 1185 537 fructus
1205 498 1327 536 attulit
1347 509 1418 548 pos

959 554 1078 592 setsio
1098 553 1168 591 ¹⁷et
1188 553 1372 603 cogitauit
1392 553 1432 589 in

960 614 1018 645 tra
1038 619 1078 646 se
1099 607 1233 645 dicens
1254 606 1346 657 quid
1366 606 1404 644 fa

959 662 1060 700 ciam
1080 661 1187 712 quod
1207 673 1287 699 non
1306 660 1358 698 ha

959 716 1035 754 beo
1091 728 1170 765 quo
1189 727 1270 753 non
1289 726 1365 753 con

960 782 1121 820 gregem
1141 770 1286 807 fructus
1305 781 1369 806 me

961 836 1006 862 us
1079 824 1151 862 ¹⁸et
1170 823 1266 861 dixit
1285 822 1359 860 hoc
1381 822 1419 860 fa

961 878 1063 916 ciam
1082 878 1277 916 destruam
1298 877 1369 914 hor

960 944 1067 970 ream
1086 938 1124 969 et
1143 932 1290 968 maiora
1310 930 1347 968 fa

960 986 1060 1024 ciam
1079 992 1117 1023 et
1136 985 1224 1023 illuc
1244 996 1388 1034 congre

960 1040 1065 1090 gabo
1085 1040 1216 1077 omnia
1235 1051 1335 1088 quae

961 1100 1052 1132 nata
1071 1100 1162 1131 sunt
1181 1093 1276 1130 mihi
1312 1092 1385 1131 ¹⁹et
1404 1092 1442 1130 di

1161 1156 1182 1177 a

961 1203 1048 1230 cam
1068 1191 1197 1229 anime
1216 1201 1326 1228 meae

1251 1243 1340 1275 bona

960 1287 1081 1327 habes
1101 1288 1222 1326 multa
1241 1288 1344 1325 mala

961 1343 1116 1392 epulare
1136 1343 1175 1380 in
1195 1354 1319 1380 annos
1338 1340 1419 1379 mul

961 1403 1021 1435 tos
1183 1394 1314 1433 ²⁰dixit
1333 1407 1383 1433 au

961 1457 1041 1489 tem
1061 1450 1111 1488 illi
1131 1449 1188 1488 ds·
1210 1450 1323 1488 stulte
1343 1450 1417 1488 hac

963 1511 1077 1543 nocte
1096 1511 1285 1555 repetunt·
1305 1504 1369 1542 ani

962 1571 1068 1597 marn
1087 1565 1195 1596 tuam
1214 1571 1238 1596 a
1257 1565 1293 1596 te
1313 1570 1412 1608 quae

962 1620 1091 1651 autem
1111 1612 1254 1663 parasti
1274 1614 1335 1650 cui
1355 1618 1452 1649 eru-

961 1667 1053 1706 ²¹sic
1072 1674 1130 1705 est
1149 1667 1216 1717 qui
1236 1667 1309 1704 sibi
1327 1673 1462 1704 tensau

961 1753 1055 1791 rizat
1073 1759 1112 1792 et
1130 1765 1211 1792 non
1233 1758 1293 1792 est
1312 1753 1352 1791 in
1372 1752 1426 1791 do

962 1808 1071 1846 diues

960 1861 1046 1900 2¹³Et
1066 1861 1159 1899 dixit
1182 1861 1231 1899 ad
1255 1860 1463 1910 discipulos

963 1928 1054 1955 suos
1075 1916 1162 1954 ideo
1182 1916 1271 1954 dico
1291 1916 1402 1953 uobis

962 1970 1080 2009 nolite
1101 1970 1249 2009 solliciti
1268 1981 1354 2007 esse

962 2025 1115 2063 animae
1135 2024 1228 2074 quid
1247 2023 1396 2062 mandu

963 2079 1058 2118 cetis
1078 2090 1205 2129 neque
1226 2078 1378 2128 corpori

964 2133 1058 2183 quid
1077 2132 1295 2171 uestiamini
1333 2131 1432 2169 2³ani

963 2199 1028 2225 ma
1046 2187 1135 2236 plus
1154 2193 1211 2225 est
1230 2198 1348 2236 quarn
1366 2198 1408 2224 es

964 2253 1012 2279 ca
1030 2248 1068 2278 et
1084 2253 1225 2291 corpus
1244 2240 1332 2291 plus
1346 2251 1464 2290 quam

963 2295 1238 2333 uestimentum
1292 2294 1404 2332 ²⁴co‘
1466 2314 1471 2318 -

965 2348 1129 2387 siderate
1149 2360 1287 2387 coruos
1306 2348 1397 2398 quia

964 2414 1044 2441 non
1064 2403 1256 2441 seminant
1275 2414 1363 2452 neq·

963 2463 1115 2495 metunt
1133 2457 1273 2507 quibus
1293 2468 1374 2494 non

964 2516 1022 2549 est
1041 2510 1237 2549 cellarium
1256 2522 1384 2560 neque

964 2564 1147 2603 horreum
1201 2570 1239 2604 et
1257 2564 1305 2602 ds
1325 2576 1397 2614 pas

963 2619 1016 2658 cit
1035 2619 1141 2657 illum
1178 2631 1310 2658 nonne
1325 2630 1397 2656 uos

962 2673 1092 2724 plures
1110 2673 1202 2712 estis
1220 2673 1357 2712 auibus

962 2728 993 2750 ²⁶
1000 2726 1100 2774 Quis
1119 2734 1248 2766 autem
1267 2733 1437 2765 uestrum

965 2781 1176 2832 cogitando
1195 2788 1323 2832 potest
1343 2781 1405 2819 adi

965 2848 1052 2874 cere
1072 2835 1122 2874 ad
1141 2844 1325 2874 staturam
1346 2847 1392 2873 su

966 2902 1030 2928 am
1050 2890 1224 2928 cubitum
1243 2889 1314 2928 ²⁶et
1333 2889 1382 2927 de
1402 2900 1448 2928 ce

966 2944 1054 2983 teris
1072 2944 1166 2994 quid
1186 2943 1336 2982 solliciti
1356 2954 1397 2981 es

966 2997 1014 3035 tis
1074 2996 1352 3036 ”considerate
1372 2996 1449 3035 lilia

1272 3105 1385 3132 xunn

1909 202 2210 243 LUCANUM

1530 292 1612 322 1¹01.
1629 291 1709 321 122.

1529 333 1742 382 Quomodo
1760 339 1921 372 crescu-

1529 400 1610 426 non
1628 387 1806 426 laborant
1824 399 1917 425 non·
1937 398 1988 425 ne

1529 448 1600 480 unt
1638 453 1764 492 neque
1784 447 1919 479 texunt
1938 441 1978 478 di

1529 508 1577 535 co
1596 495 1709 534 uobis
1727 495 1914 545 quoniam
1934 507 2009 533 nec

1530 550 1711 588 solomon
1732 550 1772 587 in
1792 549 1900 588 omni
1918 548 1983 599 glo

1529 605 1583 642 ria
1603 616 1673 642 sua
1692 603 1747 642 sic
1765 603 1999 641 uestiebatur

1531 658 1626 696 sieut
1645 669 1768 695 unum
1787 669 1836 695 ex
1856 657 1937 695 istis

1529 710 1604 750 28Si
1617 724 1710 761 ergo
1718 711 1851 749 fenum
1858 710 1965 761 quod
1977 709 2029 748 ho

1530 766 1592 804 die
1612 767 1651 804 in
1671 777 1807 816 agrurn
1826 770 1885 803 est
1903 771 1943 803 et

1531 832 1614 859 cras
1634 820 1674 857 in
1694 820 1888 857 clibanum
1908 819 1979 856 mit

1531 875 1619 912 titur
1638 873 1685 911 ds
1703 874 1758 911 sic
1771 873 1884 912 uestit
1922 878 2030 924 qua·-

1531 935 1571 966 to
1591 927 1713 977 magis
1732 939 1804 965 uos
1822 927 1981 965 minime

1532 982 1620 1020 fidei
1640 982 1713 1019 2‘³et
1731 992 1803 1019 uos
1822 981 1941 1019 nolite
1954 993 2030 1032 que

1530 1048 1614 1074 rere
1632 1035 1726 1086 quid
1745 1035 1938 1074 manduce

1531 1090 1579 1128 tis
1624 1097 1689 1128 aut
1708 1089 1801 1138 quid
1819 1089 1959 1127 bibatis
1978 1101 2031 1126 no

1531 1144 1595 1182 lite
1614 1143 1763 1182 solliciti
1782 1155 1866 1181 esse
1898 1143 2030 1180 ⁸⁰haec

1532 1198 1636 1236 enim
1652 1205 1789 1248 gentes
1804 1197 1916 1235 huius
1931 1204 2031 1235 mu*

1532 1252 1571 1290 di
1591 1252 1788 1302 inquirunt
1824 1251 1897 1289 scit
1916 1263 1965 1289 au

1533 1313 1611 1344 tem
1634 1312 1741 1356 pater
1759 1312 1886 1343 uester
1905 1317 1984 1356 quo

1532 1360 1637 1398 niam
1656 1360 1715 1398 his
1734 1359 1912 1409 indegitis

1531 1414 1701 1452 31uerum
1720 1420 1850 1452 tamen
1870 1425 1946 1464 que

1532 1469 1601 1506 rite
1620 1480 1783 1517 regnum
1802 1467 1843 1505 di
1862 1475 1900 1505 et
1919 1467 2013 1506 haec

1532 1522 1666 1560 omnia
1690 1521 1901 1559 adicientur
1919 1522 2032 1559 uobis

1533 1586 1604 1613 XLI
1611 1576 1639 1597 ³²
1658 1575 1785 1614 Nolite
1802 1578 1928 1614 timere
1937 1582 2013 1625 pu-

1905 1627 2032 1683 [sillus

1534 1750 1642 1790 Grex
1662 1751 1753 1801 quia
1773 1749 1915 1800 conpla

1533 1805 1610 1843 cuit
1629 1805 1727 1856 patri
1746 1811 1874 1842 uestro
1893 1805 1942 1843 da

1533 1872 1573 1897 re
1593 1859 1705 1897 uobis
1724 1871 1888 1908 regnum

1531 1913 1736 1951 ³³Uendite
1756 1925 1854 1963 quae
1876 1925 1991 1963 posse

1533 1967 1630 2005 detis
1652 1974 1691 2006 et
1710 1967 1797 2005 date
1816 1967 1942 2005 elemo

1533 2022 1659 2061 sinam
1679 2021 1789 2060 facite
1808 2022 1922 2060 uobis

1534 2075 1734 2115 sacculum
1753 2076 1819 2126 qui
1843 2087 1924 2113 non

1533 2136 1779 2168 ueterescunt
1816 2130 1910 2167 then

1534 2196 1689 2222 saurum
1709 2196 1789 2222 non
1812 2184 1889 2222 defi

1535 2239 1698 2277 cientem
1719 2238 1758 2275 in
1778 2238 1869 2276 celis
1889 2250 1968 2288 quo

1534 2292 1593 2330 fur
1612 2305 1692 2330 non
1713 2292 1891 2342 adpropri

1534 2353 1573 2384 at
1610 2358 1735 2397 neque
1756 2348 1859 2384 tinea
1878 2353 1958 2384 co-

1534 2401 1675 2450 rumpit
1693 2401 1820 2438 ⁸⁴nam
1840 2400 1906 2438 ubi
1925 2406 1984 2439 est

1535 2461 1734 2492 tensaurus
1753 2460 1881 2492 uester

1535 2509 1587 2546 ibi
1606 2509 1677 2546 erit
1696 2515 1735 2547 et
1753 2520 1820 2547 cor
1839 2520 1908 2547 ues

1534 2570 1636 2601 trum

1631 2620 1646 2647 t

1533 2658 1638 2698 ⁸⁵Sin
1656 2665 1785 2698 autem
1805 2660 1926 2698 lumbi
1946 2672 2016 2699 ues

1535 2715 1580 2752 tri
1600 2714 1765 2752 adcincti
1820 2721 1859 2753 et
1877 2715 1916 2753 lu

1535 2780 1651 2807 cerne
1672 2768 1840 2807 ardentis
1858 2769 1899 2807 in

1535 2823 1713 2862 manibus
1733 2823 1869 2861 uestris

1534 2877 1608 2915 ³⁶et
1627 2889 1699 2915 uos
1719 2877 1853 2915 similis
1872 2876 1980 2915 homi

1535 2931 1649 2969 nibus
1668 2931 1889 2981 expectanti

1536 2986 1607 3022 bus
1627 2984 1719 3022 dom
1741 2997 1853 3023 suum
1872 2993 1979 3034 qua-

1535 3038 1587 3077 do
1606 3045 1814 3076 reuertetur
1833 3050 1856 3076 a
1876 3038 2018 3089 nuptiis

2350 201 2436 257 [xn.
2455 207 2560 252 6-44.

2061 333 2116 372 Ut
2135 347 2224 374 cum
2243 335 2389 373 uenerit
2406 341 2446 373 et

2060 389 2267 438 pulsauerit
2287 389 2423 428 confes

2063 443 2132 480 tim
2152 444 2328 493 aperiatis
2347 444 2383 481 ei

2060 496 2089 518 ³⁷
2097 497 2198 536 beati
2217 498 2317 536 serui
2336 497 2388 535 illi
2407 508 2506 547 quos

2062 564 2153 590 cum
2172 552 2320 590 uenerit
2338 551 2452 589 doms

2063 605 2251 644 inuenerit
2268 605 2416 656 uigila-

2062 667 2118 698 tes
2191 671 2305 698 amen
2324 659 2412 698 dico

2062 713 2177 752 uobis
2196 713 2302 763 quod
2319 714 2454 763 preci-

2063 775 2128 818 get
2147 779 2188 806 se
2207 774 2245 806 et
2262 767 2408 805 iubebit
2426 766 2454 805 il

2063 823 2120 861 los
2140 822 2382 860 discumbere

2063 883 2101 915 et
2121 876 2278 915 transiet
2297 881 2335 913 et
2354 874 2407 912 mi

2063 931 2237 969 nistrauit
2255 929 2328 967 illis
2382 928 2456 967 „et

2064 986 2096 1023 si
2115 985 2263 1023 uenerit
2280 995 2420 1034 uesper

2063 1040 2144 1077 tina
2162 1038 2291 1088 uigilia
2309 1044 2347 1075 et
2366 1037 2419 1075 ita

2064 1093 2252 1131 inuenerit
2271 1092 2372 1130 beati
2392 1098 2466 1130 su‘

2065 1148 2156 1198 quia
2175 1147 2320 1185 iubebit
2338 1145 2423 1184 illos

2064 1202 2305 1240 discumbere
2325 1206 2362 1238 et
2381 1206 2468 1237 tra-

2064 1256 2133 1294 siet
2151 1262 2190 1293 et
2209 1253 2437 1292 ministrabit

2063 1311 2118 1348 eis
2137 1316 2175 1348 et
2194 1310 2225 1347 si
2246 1307 2414 1347 secunda
2432 1313 2471 1345 et

2064 1364 2097 1402 si
2116 1363 2226 1402 tertia
2244 1362 2348 1401 beati
2367 1367 2456 1400 sunt

2063 1418 2191 1456 ³⁹illud
2210 1423 2339 1455 autern
2360 1416 2457 1454 scito

2065 1479 2102 1510 te
2122 1472 2212 1521 quia
2231 1472 2262 1509 si
2282 1471 2394 1509 sciret
2413 1481 2465 1519 pa

2066 1526 2285 1564 terfamilias
2322 1536 2401 1574 qua

2067 1580 2163 1619 hora
2180 1579 2241 1618 fur
2259 1579 2366 1617 uenit
2385 1577 2424 1616 ui

2066 1754 2212 1794 Gilaret
2230 1759 2268 1792 et
2287 1765 2369 1791 non
2388 1752 2470 1791 sine

2064 1816 2121 1847 ret
2140 1808 2323 1859 perfodiri
2342 1807 2491 1845 domu-

2066 1875 2177 1902 suam
2250 1862 2323 1900 ⁴⁰et
2341 1873 2413 1899 uos
2431 1867 2515 1898 esto

2065 1925 2103 1956 te
2124 1917 2244 1968 parati
2263 1916 2352 1967 quia
2371 1927 2447 1965 qua
2466 1914 2519 1952 ho

2067 1984 2109 2010 ra
2129 1983 2208 2009 non
2229 1971 2370 2021 putatis
2389 1969 2488 2007 filius

2066 2025 2234 2064 hominis
2252 2030 2437 2062 uenturus

2067 2089 2125 2119 est
2287 2077 2314 2099 ⁴¹
2322 2079 2374 2116 ait
2393 2089 2444 2115 au

2069 2141 2147 2173 tem
2166 2139 2296 2183 petrus
2316 2132 2391 2170 dr‘1e
2411 2130 2462 2168 ad

2067 2200 2140 2226 nos
2158 2187 2251 2226 dicis
2270 2187 2371 2224 hanc
2391 2185 2476 2224 simi

2067 2242 2265 2280 litudinem
2284 2252 2335 2279 an
2353 2246 2391 2278 et
2409 2239 2458 2278 ad

2067 2307 2206 2334 omnes

2066 2350 2151 2388 ⁴²Et
2170 2349 2264 2387 dixit
2283 2347 2369 2386 dffis
2388 2347 2475 2398 quis
2494 2353 2553 2386 est

2067 2403 2191 2442 fidelis
2210 2403 2453 2453 dispensator

2067 2464 2106 2497 et
2125 2458 2294 2508 prudens
2313 2469 2432 2506 quem

2067 2512 2273 2551 constituet
2293 2511 2378 2549 dms
2397 2522 2442 2549 su

2068 2578 2139 2616 per
2157 2565 2341 2604 familiam
2361 2576 2472 2604 suam

2068 2627 2111 2658 ut
2131 2620 2195 2658 det
2213 2620 2282 2659 illis
2301 2621 2341 2657 in
2361 2627 2493 2669 tempo

2069 2686 2110 2713 re
2130 2674 2243 2712 tritici
2261 2678 2470 2712 mensura‘

2068 2727 2315 2767 ⁴⁸Beatusille
2322 2731 2563 2776 seruusque‘

2069 2794 2158 2821 cum
2178 2782 2325 2820 uenerit
2344 2781 2430 2818 dms

2068 2837 2237 2874 inueniet
2255 2836 2308 2872 ita
2326 2833 2454 2872 sacie-

2067 2897 2147 2928 tem
2201 2889 2323 2926 “uere
2343 2887 2432 2926 dico

2067 2942 2179 2982 uobis
2199 2954 2315 2992 supra
2334 2942 2467 2980 omnia

2067 3008 2143 3047 que
2163 2996 2332 3047 possidet
2351 2995 2476 3035 consti
