2866 3346
485 218 531 244 12

483 294 569 325 1¹01.
585 294 645 325 28.

539 336 602 376 hic
622 337 746 377 factus
764 345 822 376 est
840 338 879 376 in
899 350 947 376 ca

540 398 610 442 put
630 392 760 442 anguli
780 404 803 430 a
822 393 902 430 dfio

539 445 664 484 factus
683 447 744 485 hic
765 454 823 485 est
843 447 939 484 mira

540 500 623 538 bilis
643 501 683 538 in
702 500 823 539 oculis
842 512 915 539 nos

537 554 605 592 tris
882 551 985 608 [aufe

486 608 516 630 ‘³
528 608 626 647 Ideo
652 607 739 646 dico
757 608 870 647 uobis
893 608 985 659 quia

485 669 588 701 retur
607 674 630 700 a
649 662 761 701 uobis
779 675 944 711 regnum

484 716 525 755 di
545 724 583 754 et
602 716 754 755 dabitur
773 717 876 767 genti
896 716 970 755 saci

484 771 564 809 enti
583 770 748 809 fructum
768 771 851 809 eius

483 826 514 847 ⁴⁵
524 825 576 864 Et
591 837 683 864 cum
698 825 866 863 audisset
877 825 983 875 prin-

866 877 984 932 [cipis

485 933 732 973 sacerdotum
753 940 791 972 et
808 933 973 984 pharisei

484 988 690 1039 parabolas
710 988 792 1026 eius
812 1000 941 1038 cogno

483 1049 624 1081 uerunt
644 1042 751 1092 quod
770 1041 817 1080 de
837 1042 930 1092 ipsis

484 1096 577 1135 dicit
588 1096 662 1134 ⁴⁸et
678 1102 881 1145 querentes
893 1107 984 1134 eum

483 1156 613 1189 tenere
634 1150 842 1188 timuerunt
861 1162 914 1200 po

482 1205 597 1255 pulus
617 1205 802 1255 quoniam
822 1205 919 1243 sicut

483 1258 672 1310 propheta
690 1258 886 1297 habebant
904 1265 986 1297 eu*

487 1313 839 1363 22¹Etrespondens
847 1313 985 1351 iterum

484 1368 545 1406 ihs
565 1367 660 1406 dixit
679 1367 748 1406 illis
768 1368 808 1405 in
827 1367 974 1417 parabo

483 1422 528 1460 lis
549 1421 682 1460 dicens
700 1421 849 1459 ²simile
869 1421 939 1459 erit

484 1487 648 1526 regnum
669 1476 865 1514 caelorum

483 1530 632 1569 homini
651 1530 730 1580 regi
753 1530 818 1580 qui
837 1529 924 1568 fecit

483 1584 638 1635 nuptias
657 1584 736 1623 filio
755 1597 829 1623 suo
846 1585 860 1606 ³
872 1590 910 1622 et
927 1584 982 1621 mi

485 1639 534 1678 sit
553 1650 686 1677 seruus
706 1651 796 1678 suos
815 1650 958 1677 uocare

485 1726 677 1765 Inuitatos
698 1725 746 1764 ad
767 1725 922 1776 nuptias

484 1787 523 1820 et
542 1781 749 1820 noluerunt
770 1781 902 1819 uenire

484 1838 499 1858 ⁴
511 1834 655 1874 Iterum
674 1835 776 1873 misit
794 1835 888 1874 alios

831 1887 984 1943 [seruus

485 1943 617 1983 dicens
636 1942 749 1982 dicite
769 1943 938 1982 inuitatis

484 2010 575 2037 eece
595 1998 801 2048 prandium
821 2009 952 2036 meum

486 2053 622 2102 paraui
674 2052 771 2090 tauri
791 2058 827 2089 et
848 2052 983 2102 sagina

483 2113 523 2145 ta
542 2118 630 2144 mea
649 2106 763 2144 occisi
783 2112 872 2144 sunt
890 2113 928 2145 et

484 2160 617 2199 omnia
637 2167 769 2210 parata
788 2172 836 2198 ue

484 2215 562 2252 nite
581 2213 632 2252 ad
651 2214 805 2265 nuptias

482 2268 498 2291 ⁸
510 2268 569 2307 Illi
588 2275 718 2307 autem
731 2267 984 2318 neglexerunt

485 2329 523 2361 et
543 2322 719 2362 abierunt
738 2323 801 2361 alii
821 2323 860 2360 in
875 2323 929 2361 uiI

484 2376 562 2415 lam
583 2388 694 2415 suam
769 2376 831 2415 alii
851 2388 947 2416 uero

484 2431 787 2481 negotiationem
807 2443 917 2469 suam

483 2486 497 2506 ⁶
509 2486 643 2536 reliqui
663 2497 757 2524 uero
780 2491 984 2524 tenuerunt

486 2551 619 2578 seruos
637 2540 719 2578 eius
738 2546 776 2578 et
796 2545 915 2578 contu

485 2593 600 2632 melia
619 2593 788 2633 adfectos
807 2594 893 2633 occi

484 2647 622 2685 derunt

483 2700 498 2722 ⁷
513 2701 580 2739 Ille
601 2708 729 2740 autem
743 2714 809 2740 rex
825 2714 914 2741 cum
934 2714 983 2741 au

485 2754 603 2793 disset
623 2756 740 2794 iratus
759 2763 817 2795 est
835 2763 872 2794 et
892 2757 945 2794 mi

485 2809 534 2847 sit
552 2809 761 2847 exercitum
781 2822 894 2848 suum

484 2869 523 2901 et
541 2863 706 2913 perdidit
725 2863 939 2902 homicidas

485 2916 571 2956 illos
583 2923 621 2955 et
640 2916 831 2955 ciuitatem
847 2929 983 2956 eorum

484 2971 689 3010 sudcendit

483 3024 619 3065 'Tunc
628 3024 809 3065 aitseruis
817 3025 984 3076 suisnup

725 205 770 244 E
772 205 1047 247 UANGELI
1046 206 1135 247 UM
1171 206 1282 247 SEC

1018 338 1116 377 Tiae
1140 338 1297 390 quidem
1317 343 1474 388 paratae

1018 399 1108 431 sunt
1128 393 1196 432 sed
1216 393 1281 443 qui
1302 399 1410 431 erant
1428 392 1468 430 in

1016 448 1122 486 uitati
1142 459 1223 485 non
1243 446 1395 484 suerunt

1019 501 1127 551 digni
1174 502 1250 539 ⁹ite
1269 513 1362 550 ergo
1383 500 1432 539 ad
1452 500 1514 538 exi

1017 562 1078 594 tus
1096 556 1244 593 uiarum
1262 561 1300 594 et
1320 567 1419 605 quos

1018 622 1187 660 cumque
1206 609 1429 647 inueneritis

1017 670 1156 703 uocate
1171 663 1220 702 ad
1239 663 1393 714 nuptias
1411 663 1439 684 ¹⁰
1451 669 1488 701 et

1017 719 1163 769 egressi
1183 725 1270 756 sunt
1290 717 1388 756 serui
1407 717 1488 755 eius

1017 778 1353 822 congregauerunt
1372 784 1439 810 om

1018 839 1088 865 nes
1107 826 1321 877 quodquod
1341 826 1431 863 inue

1018 887 1155 919 nerunt
1175 880 1300 918 malos
1319 886 1357 918 et
1375 881 1502 918 bonos

1017 941 1055 973 et
1075 934 1232 985 implete
1253 941 1342 972 sunt
1360 934 1515 984 nuptiae

1017 989 1341 1027 discumbentium

1015 1043 1043 1064 ¹¹
1056 1042 1217 1080 Intrauit
1236 1048 1364 1080 autem
1385 1054 1451 1080 rex
1474 1048 1516 1080 ut

1017 1097 1167 1135 uideret
1186 1096 1461 1134 discunbentes

1018 1158 1056 1190 et
1074 1151 1170 1190 uidit
1190 1150 1242 1189 ibi
1262 1151 1461 1189 hominem

1018 1217 1099 1244 non
1119 1211 1267 1243 uestem
1287 1205 1422 1254 nuptia

1017 1260 1095 1298 lem
1114 1258 1141 1280 ¹²
1151 1267 1188 1298 et
1208 1259 1259 1297 ait
1278 1259 1329 1297 illi
1351 1259 1475 1297 amice

1020 1314 1220 1364 quomodo
1240 1313 1315 1352 hoc
1335 1313 1445 1351 uenis

1018 1369 1046 1406 ti
1066 1380 1147 1406 non
1166 1368 1314 1406 habens
1333 1373 1471 1405 ueste-

1018 1422 1231 1473 nuptialem
1251 1421 1300 1460 ad
1319 1421 1380 1459 ille
1395 1422 1448 1459 ob

1018 1477 1157 1514 mutuit
1297 1475 1324 1497 ¹³
1337 1482 1428 1514 tunc
1448 1488 1515 1514 rex

1018 1531 1111 1569 dixit
1130 1529 1313 1568 ministris
1327 1529 1406 1568 tolli

1017 1592 1054 1624 te
1073 1585 1180 1624 illum
1199 1585 1379 1624 manibus

1015 1727 1067 1766 Et
1087 1726 1251 1778 pedibus
1267 1732 1304 1765 et
1323 1727 1461 1765 mittite

1017 1793 1109 1820 eum
1129 1782 1169 1819 in
1188 1781 1367 1820 tenebras
1386 1787 1474 1820 exte

1018 1836 1127 1874 rioris
1182 1836 1236 1873 ibi
1255 1836 1325 1874 erit
1343 1835 1456 1874 fletus

1018 1897 1056 1929 et
1077 1890 1215 1929 stridor
1234 1890 1407 1928 dentium

1017 1944 1044 1966 ¹⁴
1057 1944 1167 1983 multi
1187 1945 1291 1982 enim
1311 1950 1400 1982 sunt
1418 1955 1470 1982 uo

1018 1999 1094 2037 cati
1114 1998 1227 2048 pauci
1246 2010 1340 2037 uero
1360 1998 1471 2036 electi

1016 2061 1125 2090 LXIII
1135 2052 1162 2075 ¹⁵
1182 2053 1287 2091 Tunc
1306 2053 1482 2091 abierunt

1355 2104 1524 2159 [parz'set’

1017 2167 1055 2199 et
1074 2161 1279 2199 consilium
1298 2160 1469 2199 fecerunt

1017 2222 1059 2253 ut
1079 2222 1260 2266 caperent
1279 2227 1368 2253 eum
1388 2215 1428 2253 in

1018 2270 1139 2307 uerbo
1159 2269 1187 2291 ¹⁶
1198 2276 1236 2307 et
1255 2270 1408 2307 mittunt
1423 2268 1473 2307 ad

1018 2334 1087 2362 eos
1106 2323 1315 2373 discipulos
1335 2335 1426 2361 suos

1018 2388 1109 2415 cum
1128 2376 1348 2415 herodianis
1367 2377 1485 2415 dice-

1018 2437 1076 2469 tes
1095 2431 1276 2482 magister
1295 2431 1438 2470 scimus

1019 2485 1110 2535 quia
1129 2498 1244 2524 uerax
1261 2492 1318 2524 est
1365 2491 1402 2523 et
1420 2485 1517 2523 uia-

1018 2538 1058 2577 di
1078 2539 1118 2577 in
1137 2540 1294 2578 ueritate
1315 2538 1433 2577 doces

1018 2600 1056 2633 et
1076 2605 1157 2632 non
1177 2600 1234 2632 est
1254 2593 1320 2631 tibi
1341 2606 1434 2632 cura

1018 2648 1087 2686 tibi
1100 2647 1148 2686 de
1163 2648 1291 2699 aliquo
1329 2660 1409 2686 non
1422 2648 1517 2685 eni·-

1018 2703 1176 2752 respicis
1195 2714 1379 2753 personas
1398 2701 1449 2740 ho

1018 2768 1168 2794 minum

1018 2810 1045 2831 ¹⁷
1060 2810 1165 2858 Quid
1186 2810 1253 2849 tibi
1265 2810 1415 2849 uidetur
1429 2810 1517 2849 licet

1017 2864 1105 2902 licet
1125 2876 1284 2903 censum
1304 2865 1385 2903 dari
1405 2877 1474 2903 cae

1019 2918 1094 2956 sari
1114 2925 1178 2956 aut
1197 2930 1277 2957 non

1019 2971 1046 2992 ¹⁸
1059 2971 1226 3021 Cognita
1241 2979 1369 3011 autern
1389 2972 1448 3011 ihs
1467 2984 1516 3011 ne

1019 3025 1139 3076 quitia
1156 3038 1292 3065 eorum
1311 3027 1363 3065 ait
1381 3025 1474 3076 quid

1891 205 1979 245 MA
1989 205 2197 247 TTEUM
2247 205 2345 262 [xxx.
2366 222 2534 257 42-xx11.
2551 223 2608 260 43.

1586 294 1666 326 1¹01.
1682 294 1741 326 24.

1586 337 1654 376 Me
1673 337 1867 387 temptatis
1885 337 1913 359 ¹⁹
1924 343 2036 377 osten

1585 392 1660 430 dite
1680 391 1772 429 mibi
1791 391 1985 430 nomisma

1582 457 1719 484 census

1584 500 1646 538 Ad
1667 500 1719 537 illi
1738 499 1961 549 optulerunt
1979 500 2014 538 ei
2041 499 2080 538 di

1583 555 1732 592 narium
1752 554 1781 576 ²⁰
1789 554 1841 592 ait
1859 554 1932 592 illis
1950 554 2010 592 ihs

1583 609 1691 647 euius
1710 615 1767 646 est
1785 608 1917 658 imago
1937 607 2032 647 haec

1583 669 1620 700 et
1640 662 1913 713 superscriptio
1967 662 1996 684 ²¹
2010 661 2050 700 di

1584 723 1676 755 cunt
1695 717 1730 754 ei
1750 717 1913 755 caesaris

1584 771 1701 810 Tunc
1719 771 1771 808 ait
1790 771 1861 809 illis
1877 770 2022 809 reddite
2041 782 2082 808 er

1584 837 1635 875 go
1656 837 1756 875 quae
1775 831 1865 863 sunt
1884 825 2049 863 caesaris

1584 879 1730 918 caesari
1749 891 1847 929 quae
1861 879 1902 917 di
1921 879 1974 917 do
1993 877 2082 916 22ἰΙΙί

1584 940 1714 971 autem
1734 933 1933 971 audientes
1952 933 2005 971 mi

1584 988 1654 1025 rati
1675 994 1762 1025 sunt
1781 994 1818 1026 et
1838 987 1970 1026 relicto
1990 987 2053 1025 illo

1585 1042 1761 1080 abierunt
1972 1038 2082 1095 [cesse

1584 1105 1710 1132 LXIII!
1723 1096 1751 1118 ²³
1766 1094 1818 1133 In
1836 1096 1905 1133 illa
1924 1096 1980 1133 die
1997 1096 2063 1133 ad-

1585 1156 1674 1187 runt
1692 1150 1742 1188 ad
1757 1162 1846 1187 eum
1867 1150 1990 1188 saddu

1584 1203 1643 1241 cei
1717 1204 1782 1254 qui
1802 1204 1933 1242 dicunt
1953 1216 2033 1242 non

1584 1269 1667 1296 esse
1686 1259 1964 1297 resurrectione

1585 1318 1623 1350 et
1641 1312 1974 1363 interrogauerunt

1583 1378 1672 1404 eum
1691 1364 1720 1387 ²⁴
1733 1366 1903 1405 dicentes
1964 1378 2029 1404 ma

1584 1421 1701 1470 gister
1720 1433 1873 1471 moyses
1892 1420 1988 1458 dixit

1584 1475 1615 1512 si
1635 1475 1722 1525 quis
1740 1482 1915 1513 mortuus
1935 1474 2046 1512 fuerit

1585 1540 1666 1566 non
1687 1529 1835 1567 habens
1855 1528 1955 1567 filios
1975 1535 2017 1567 ut

1584 1582 1699 1621 ducat
1718 1583 1831 1621 frater
1849 1582 1948 1621 illius

1584 1724 1757 1764 Uxorem
1776 1725 1896 1776 ipsius
1915 1731 1953 1764 et

1585 1780 1739 1819 suscitet
1758 1792 1893 1819 semen
1912 1779 1970 1818 fra

1584 1835 1629 1872 tri
1650 1846 1722 1873 suo

1584 1887 1614 1910 ²⁵
1627 1888 1748 1926 Erant
1764 1894 1893 1926 autem
1905 1894 1998 1938 aput
2011 1899 2083 1926 nos

1585 1949 1734 1992 septem
1753 1942 1888 1980 fratres
1907 1950 1944 1980 et
1963 1942 2021 1992 pri

1584 2009 1671 2035 mus
1691 2009 1810 2035 uxore
1830 1996 1946 2034 ducta

1585 2050 1790 2089 defunctus
1810 2057 1867 2088 est
1887 2062 1969 2088 non

1584 2104 1731 2144 habens
1751 2116 1886 2143 semen
1905 2111 1942 2142 et
1962 2103 2028 2143 reli

1584 2160 1665 2210 quit
1683 2170 1844 2197 uxorem
1865 2170 1975 2197 suam

1584 2213 1689 2252 fratri
1708 2225 1779 2251 suo

1585 2269 1612 2290 ²⁶
1626 2267 1804 2306 Similiter
1822 2273 1861 2306 et
1880 2266 2072 2306 secundus

1584 2328 1621 2360 et
1640 2322 1771 2360 tertius
1790 2333 1913 2372 usque
1932 2321 1983 2359 ad

1586 2376 1793 2426 septimum

1584 2429 1614 2451 ²⁷
1627 2429 1850 2468 Nouissime
1866 2434 1997 2467 autern
2016 2441 2083 2468 om

1584 2484 1692 2522 nium
1712 2490 1748 2522 et
1767 2482 1906 2520 mulier
1927 2482 1975 2521 de

1585 2537 1715 2576 functa
1734 2544 1792 2576 est

1583 2591 1612 2614 ²⁵
1624 2592 1728 2630 Inter
1747 2591 2025 2630 resurrectione

1585 2658 1677 2697 ergo
1696 2646 1804 2684 cuius
1824 2646 1894 2683 erit
1914 2645 1962 2684 de

1586 2707 1732 2751 septem
1754 2712 1852 2738 uxor
1871 2711 2009 2739 omnes

1585 2755 1648 2793 illa
1667 2754 1885 2793 habuerunt

1584 2810 1615 2831 ²⁹
1628 2809 1889 2859 Respondens
1909 2808 1968 2846 ihs
1988 2808 2039 2846 ait

1585 2863 1717 2902 erratis
1738 2863 1952 2901 nescientes
1996 2860 2085 2915 [illis

1587 2918 1789 2968 scripturas
1808 2928 1937 2966 neque

1586 2971 1764 3011 uirtutem
1782 2970 1823 3009 di
1841 2970 1871 2992 ⁸⁰
1882 2971 1922 3008 in
1937 2981 2044 3009 resur

2115 338 2305 379 Rectione
2323 341 2427 379 enim
2447 353 2497 379 ne

2113 405 2188 444 que
2208 395 2358 433 nubunt
2377 407 2503 445 neque

2113 459 2255 487 uxores
2274 449 2418 487 ducunt
2437 449 2506 487 sed

2114 508 2204 539 sunt
2224 503 2321 541 sicut
2341 504 2470 554 angeli
2489 503 2529 541 in

2114 555 2223 594 caelo

2113 608 2142 630 ⁸¹
2155 609 2215 647 De
2237 611 2516 650 resurrectione
2538 623 2588 650 au

2114 669 2193 701 tem
2212 671 2453 703 mortuorum

2115 729 2196 755 non
2216 718 2359 767 legistis
2379 719 2485 768 quod
2504 718 2566 757 dic

2115 778 2198 810 tum
2217 779 2274 820 est
2293 773 2405 811 uobis
2424 785 2447 811 a
2465 772 2519 811 do
2539 773 2578 811 di

2114 833 2225 864 cente

2169 880 2199 901 ⁸²
2210 892 2286 931 ego
2306 892 2392 919 sum
2412 879 2459 919 ds
2479 881 2572 919 abra

2170 933 2259 972 ham
2280 941 2317 972 et
2336 934 2383 973 ds
2402 935 2483 973 isac
2503 941 2541 973 et

2169 987 2218 1027 ds
2237 989 2350 1027 iacob
2371 1010 2379 1018 ·
2402 1001 2483 1027 non
2501 995 2561 1028 est

2169 1041 2216 1081 ds
2235 1050 2476 1081 mortuorum

2171 1097 2239 1135 sed
2260 1098 2472 1135 uiuentium

2115 1148 2144 1171 ²³³
2155 1149 2206 1189 Et
2224 1163 2313 1189 curn
2333 1151 2528 1190 audissent
2555 1157 2616 1190 tur

2116 1204 2189 1242 bae
2209 1205 2448 1243 mirabantur
2469 1217 2514 1243 su

2117 1270 2186 1308 per
2205 1259 2422 1297 doctrinam
2442 1260 2524 1297 eius

2116 1313 2146 1334 ³⁴
2154 1312 2461 1351 Phariseiautem
2474 1312 2615 1352 audien

2116 1373 2174 1406 tes
2194 1367 2298 1417 quod
2314 1367 2506 1405 silentium

2117 1421 2287 1471 inposuit
2306 1421 2532 1460 sadducaeis

2118 1482 2386 1513 conuenerunt
2401 1476 2451 1514 ad
2470 1487 2562 1514 eum

2118 1529 2147 1551 ⁸⁶
2163 1529 2213 1567 Et
2232 1529 2480 1579 interrogauit
2498 1541 2589 1568 eum

2119 1595 2220 1622 unus
2235 1595 2284 1622 ex
2298 1583 2354 1622 eis
2368 1583 2463 1634 legis
2479 1583 2616 1622 doctor

2121 1723 2312 1775 Temptas
2324 1736 2413 1763 eum
2425 1731 2463 1764 et
2483 1725 2616 1764 dicens

2118 1778 2616 1830 ⁸⁶magisterquodestman

2118 1833 2250 1871 datum
2271 1845 2457 1884 magnum
2471 1834 2510 1872 in
2531 1834 2616 1883 lege

2117 1886 2213 1926 “Ait
2231 1887 2283 1925 illi
2302 1888 2361 1926 ihs
2380 1888 2503 1937 diligis
2522 1888 2616 1926 dom

2117 1947 2227 1979 tuum
2247 1941 2286 1979 in
2299 1948 2381 1980 toto
2395 1942 2511 1980 corde
2530 1939 2616 1994 [dm

2117 2002 2186 2034 tuo
2201 2001 2239 2034 et
2254 1996 2293 2033 in
2309 2002 2389 2034 tota
2404 1996 2535 2034 anima
2549 2003 2616 2035 tua

2117 2056 2156 2087 et
2174 2049 2214 2087 in
2234 2056 2314 2088 tota
2333 2056 2463 2088 mente
2483 2056 2547 2088 tua

2117 2103 2146 2124 ⁸⁸
2158 2103 2232 2142 hoc
2252 2109 2310 2142 est
2329 2104 2543 2142 maximum
2561 2110 2600 2142 et

2145 2158 2285 2195 rimum
2304 2158 2533 2196 mandatum

2118 2170 2147 2233 ἐξ
2161 2212 2383 2251 Secundum
2390 2219 2519 2251 autem
2527 2212 2615 2250 simi

2117 2266 2153 2305 le
2172 2266 2261 2305 huic

2172 2320 2297 2370 diligis
2316 2319 2537 2370 proximum

2171 2380 2280 2412 tuum
2301 2375 2398 2412 sicut
2420 2380 2457 2412 te
2477 2374 2605 2424 ipsum

2118 2428 2147 2450 ⁴⁰
2159 2428 2206 2466 In
2219 2428 2276 2466 his
2290 2428 2442 2467 duobus
2454 2429 2617 2467 manda·

2121 2483 2302 2520 uniuersa
2314 2482 2375 2520 lex
2388 2483 2529 2532 pendet
2549 2480 2617 2536 [tis

2119 2543 2157 2575 et
2176 2536 2386 2587 prophetae
2520 2534 2618 2589 [pha

2118 2590 2146 2613 ⁴²
2160 2591 2416 2641 Congregatis
2434 2597 2566 2630 autem

2118 2645 2224 2684 riseis
2244 2645 2492 2695 interrogauit
2511 2657 2602 2683 eum

2118 2699 2178 2737 ihs
2198 2697 2227 2720 ⁴²
2238 2699 2371 2737 dicens
2389 2699 2482 2748 quid
2502 2698 2614 2737 uobis

2119 2753 2269 2791 uidetur
2287 2752 2336 2791 de
2355 2755 2434 2801 xpo
2453 2753 2561 2790 cuius

2118 2808 2238 2845 filium
2257 2805 2388 2845 dicunt
2407 2805 2525 2843 dauid

2118 2860 2215 2899 48Αἰῑ
2233 2858 2305 2898 illis
2323 2859 2525 2910 quomodo

2479 2911 2616 2966 [dauid

2119 2979 2213 3018 ergo
2232 2967 2272 3005 in
2292 2970 2364 3017 spu
2383 2975 2498 3007 uocat
2512 2981 2602 3007 eum

2119 3023 2211 3062 dom
2231 3021 2363 3061 dicens
2607 3044 2609 3046 -

2521 3088 2564 3115 ur
