2820 3334
459 214 508 255 72

459 292 542 324 1⁸01.
558 293 635 323 141.

460 335 586 375 Piauit
622 334 739 374 nolite
758 334 811 373 ire
830 340 920 386 post

459 390 543 428 illos

461 445 582 484 ¹'Cum
601 450 728 482 autem
748 443 942 482 audieritis

461 499 609 550 proelia
627 504 664 536 et
685 498 883 536 seditionis

460 553 578 592 nolite
597 552 726 590 terreri
763 563 862 601 opor

460 612 514 645 tet
533 607 631 645 haec
650 606 818 656 primum
838 605 886 644 fie

459 662 493 699 ri
512 661 580 700 sed
599 672 681 699 non
701 660 829 698 statim
848 659 936 699 finis

459 716 500 754 in
520 715 592 754 illis

459 768 533 807 ¹⁰N
537 781 600 808 am
620 775 749 819 surget
763 780 859 819 gens
878 775 959 808 co*

458 833 518 863 tra
536 830 692 874 gentem
712 831 749 862 et
768 835 837 873 reg

459 891 555 917 num
574 878 758 916 aduersus
778 889 845 927 reg

459 945 555 971 num
576 932 647 970 ¹¹et
664 932 752 970 terri
772 937 901 970 motus

458 987 593 1037 magni
612 992 723 1024 erunt
742 998 811 1035 per
829 985 868 1023 lo

458 1054 504 1080 ca
523 1047 560 1079 et
578 1040 793 1091 pestilentia
811 1045 849 1077 et
868 1038 906 1077 fa

459 1107 543 1134 mes
561 1102 673 1133 erunt
691 1102 854 1132 terrores

458 1162 559 1200 quae
578 1149 626 1187 de
646 1148 754 1187 caelo
773 1155 810 1186 et
830 1147 889 1198 sig

458 1216 509 1242 na
528 1215 671 1253 magna
690 1208 802 1241 erunt
820 1208 859 1240 et

458 1264 707 1308 tempestates

458 1312 486 1334 ¹²
495 1312 572 1351 Sed
592 1319 680 1350 ante
702 1311 800 1349 haec
823 1310 958 1350 omnia

457 1366 616 1405 inicient
633 1366 675 1403 in
693 1377 766 1404 uos
783 1377 849 1403 ma

458 1433 532 1459 nus
550 1432 638 1459 suas
658 1426 695 1458 et
713 1425 930 1470 perseque-

458 1483 520 1514 tur
538 1475 735 1513 tradentes
754 1474 794 1512 in
814 1485 857 1523 sy

458 1529 624 1580 nagogis
644 1535 682 1567 et
702 1527 854 1567 custodi

458 1597 502 1624 as
522 1584 709 1623 ducentes
729 1582 778 1621 ad
797 1594 838 1621 re

457 1727 527 1766 ges
546 1721 585 1754 et
603 1714 777 1765 presides
795 1725 894 1764 prop

457 1778 516 1808 ter
535 1781 680 1808 nomen
700 1780 830 1807 meum

457 1824 692 1873 ¹⁸continget
710 1823 814 1862 enim
833 1834 885 1861 uo

458 1879 516 1917 bis
535 1879 575 1916 in
594 1877 858 1916 testimonium

458 1932 629 1971 ¹⁴Ponite
649 1944 742 1982 ergo
762 1932 802 1969 in
821 1943 889 1970 cor

458 1987 571 2025 dibus
590 1987 728 2024 uestris
745 1998 827 2025 non

458 2041 707 2091 premeditari
727 2051 845 2091 quem

458 2095 673 2133 admodum
691 2101 837 2144 respo-

459 2149 582 2187 deatis
600 2148 711 2197 ¹⁵ego
729 2148 833 2187 enirn
853 2147 904 2185 da

459 2204 512 2241 bo
531 2203 643 2242 uobis
661 2202 733 2241 hos
753 2209 790 2240 et
810 2202 947 2252 sapie-

458 2258 551 2296 tiam
570 2257 633 2296 cui
652 2269 732 2295 non
751 2263 916 2307 poteru-

458 2312 630 2350 resistere
650 2310 812 2349 aduersa

459 2366 504 2404 rii
523 2366 641 2404 uestri

459 2419 713 2458 ¹⁰Tradimini
726 2425 856 2457 autem
870 2430 894 2457 a
907 2430 959 2469 pa

458 2475 630 2513 rentibus
649 2480 686 2512 et
705 2473 807 2511 fratri

458 2529 532 2567 bus
552 2535 590 2567 et
609 2528 786 2578 cognatis
806 2533 844 2565 et

459 2583 595 2621 amicis
614 2589 652 2621 et
674 2589 797 2620 morte
817 2581 867 2620 ad

459 2636 590 2674 ficient
609 2649 658 2675 ex
676 2636 789 2675 uobis
807 2635 881 2674 ¹⁷et

458 2691 560 2728 eritis
579 2691 670 2729 odio
690 2691 872 2729 omnibus

459 2742 483 2774 h
514 2743 526 2775 i

459 2787 642 2825 omnibus
661 2794 815 2837 propter

460 2853 605 2879 nomen
624 2852 756 2878 meum
776 2840 847 2879 ¹⁸et

462 2894 622 2945 capillus
640 2894 689 2933 de
708 2894 831 2944 capite

460 2961 542 2987 non
562 2948 697 2999 peribit
715 2946 787 2986 ¹⁹in
807 2959 875 2987 ues

459 3011 518 3042 tra
537 3003 718 3054 patientia
737 3002 853 3053 adqui

692 203 737 242 E
739 201 1015 243 UANG'ELI
1014 202 1109 242 UM
1129 201 1241 242 SEC

994 334 1103 373 Retis
1123 333 1272 372 animas
1290 339 1438 372 uestras

992 398 1072 425 Lxx
1081 389 1112 409 ²⁰
1135 387 1230 426 Cum
1250 392 1368 426 autem
1393 389 1476 426 uide

993 443 1072 480 ritis
1092 442 1319 481 circumdari

993 498 1043 535 ab
1063 497 1275 535 exercitum
1296 497 1357 535 ihe

991 551 1159 590 rusalem
1179 558 1272 590 tunc
1292 551 1346 590 sci

1187 614 1209 636 8.

992 654 1072 687 tote
1091 649 1184 699 quia
1203 648 1366 699 dpropia

991 703 1047 741 uit
1066 703 1253 741 desolatio
1273 703 1356 741 eius

992 758 1019 779 ²¹
1028 757 1146 796 Tunc
1159 757 1225 807 qui
1240 757 1280 794 in
1293 756 1405 795 iudea
1418 768 1463 796 su

992 811 1143 861 fugiant
1162 824 1185 849 a
1204 811 1300 850 facie
1319 811 1401 849 eius

991 866 1032 904 in
1051 866 1248 904 montibus
1267 866 1334 915 qui
1354 867 1393 902 in

991 920 1122 958 medio
1141 920 1222 957 eius
1242 919 1414 957 discedat

992 980 1031 1012 et
1050 974 1117 1024 qui
1136 973 1174 1010 in
1193 973 1418 1023 regionibus

991 1040 1070 1066 non
1091 1028 1204 1066 intret
1221 1028 1262 1065 in
1280 1039 1369 1065 eam

990 1081 1115 1132 ²²quia
1135 1081 1217 1120 dies
1236 1081 1391 1120 ultionis
1410 1080 1463 1120 hii

991 1144 1080 1174 sunt
1098 1141 1140 1174 ut
1159 1136 1377 1186 inpleantur

990 1191 1124 1228 omnia
1143 1202 1242 1241 quae
1262 1190 1363 1240 scrip

990 1251 1030 1283 ta
1049 1250 1138 1282 sunt

989 1296 1020 1320 2³
1028 1298 1113 1337 Uae
1129 1298 1188 1337 his
1203 1310 1304 1349 quae
1320 1298 1359 1336 in
1378 1304 1489 1337 utero

990 1352 1135 1391 habent
1155 1359 1192 1391 et
1211 1353 1328 1391 ubera
1348 1353 1427 1391 da*

991 1407 1032 1445 in
1051 1407 1123 1445 illis
1143 1406 1279 1445 diebus
1301 1407 1372 1445 erit
1394 1406 1491 1445 eni-

991 1473 1106 1512 supra
1124 1468 1263 1500 terram
1282 1473 1370 1511 pres

991 1527 1080 1554 sura
1098 1527 1243 1565 magna
1261 1522 1299 1553 et
1319 1515 1375 1554 ira

990 1570 1138 1620 populo
1158 1570 1247 1608 huic
1267 1570 1341 1608 ²⁴et
1360 1568 1484 1608 cade·

991 1625 1032 1663 in
1050 1636 1117 1663 ore
1136 1624 1254 1674 gladii
1273 1630 1310 1662 et
1329 1636 1403 1674 cap

993 1711 1046 1750 Ti
1065 1711 1252 1750 ducentur
1271 1711 1311 1749 in
1330 1723 1397 1750 om

991 1767 1105 1804 nibus
1124 1766 1304 1816 gentibus
1323 1772 1360 1804 et
1379 1765 1442 1804 hie

989 1821 1155 1859 rusalem
1175 1820 1382 1859 calcabitur

991 1887 1015 1914 a
1034 1875 1255 1913 nationibus
1275 1875 1367 1913 dum
1387 1874 1428 1912 in

990 1929 1166 1980 pleantur
1184 1935 1364 1979 tempora

990 1984 1165 2033 gentium

990 2038 1078 2076 ²⁵Et
1092 2042 1202 2076 erunt
1218 2037 1329 2087 signa
1348 2037 1388 2074 in
1408 2036 1489 2076 sole

990 2099 1029 2130 et
1048 2092 1139 2130 luna
1157 2098 1195 2130 et
1215 2092 1331 2130 stellis
1350 2098 1387 2130 et
1406 2091 1447 2129 in

990 2147 1100 2184 terris
1119 2158 1294 2196 pressura
1312 2152 1396 2196 ge-

989 2201 1085 2239 tium
1105 2212 1174 2251 pre
1194 2199 1372 2239 confusio

990 2266 1041 2293 ne
1061 2255 1210 2293 sonitus
1229 2254 1346 2292 maris
1364 2260 1403 2292 et

990 2309 1148 2347 fluctum
1167 2308 1363 2346 ²⁶arescen

990 2363 1092 2401 tibus
1112 2362 1333 2401 hominibus
1351 2373 1422 2412 pre

990 2417 1129 2456 timore
1146 2416 1363 2466 expectatio

991 2483 1041 2509 ne
1060 2483 1161 2522 quae
1181 2470 1389 2520 superueni

991 2532 1057 2564 ent
1075 2525 1256 2563 uniuerso
1276 2524 1360 2562 orbi

991 2579 1097 2618 Nam
1116 2580 1275 2617 uirtutes
1293 2590 1393 2629 quae

990 2634 1031 2671 in
1051 2634 1158 2672 caelo
1178 2639 1268 2672 sunt
1286 2644 1401 2672 moue

990 2689 1135 2726 buntur

991 2742 1077 2781 ²⁷Et
1095 2749 1188 2781 tunc
1206 2741 1392 2780 uidebunt
1412 2740 1466 2778 fili

991 2809 1058 2835 um
1078 2797 1247 2835 hominis
1266 2795 1408 2834 uenie-

990 2859 1070 2890 tem
1090 2852 1129 2888 in
1148 2850 1317 2889 nubibus
1335 2861 1425 2888 cum

990 2911 1179 2955 potestate
1198 2916 1342 2954 magna
1361 2910 1399 2943 et

992 2959 1192 2998 maiestate
1211 2959 1304 2996 ²⁸his
1325 2964 1455 2997 autem

1907 203 2206 245 LUCANUM
2259 204 2356 260 [xxx.
2377 213 2518 248 8—xx11.
2541 224 2591 250 11.

1560 291 1642 322 1⁸01.
1660 291 1741 321 142.

1560 334 1842 384 iNcipientibus
1862 334 1911 372 fie

1561 388 1591 425 ri
1611 388 1844 438 respirabitis
1863 396 1899 427 et
1918 388 2005 427 leua

1560 442 1650 480 bitis
1670 442 1797 492 capita
1816 448 1945 481 uestra

1560 496 1745 547 quoniam
1765 496 1970 546 adpropiat

1560 550 1775 600 redemptio
1795 558 1923 589 uestra

1559 603 1644 643 ²⁹Et
1663 605 1757 642 dixit
1776 605 1849 642 illis
1868 604 2026 644 similitu

1561 659 1693 697 dinem
1712 659 1838 697 uidete
1858 658 1949 698 ficul

1559 725 1672 751 neam
1693 718 1731 751 et
1750 713 1877 751 omnis
1897 725 1938 751 ar

1559 767 1663 806 boris
1682 767 1808 806 ³⁰cum
1828 767 2032 817 producu-

1560 822 1635 859 iam
1654 833 1703 859 ex
1723 833 1764 860 se
1785 822 1949 859 fructum

1559 875 1661 914 scitis
1681 876 1772 926 quia
1790 887 1913 926 prope
1933 882 1991 914 est

1559 937 1685 967 aestas
1757 929 1843 967 ⁸¹ita
1863 936 1901 968 et
1919 929 2015 970 haec

1559 996 1648 1022 cum
1668 983 1837 1022 uideritis
1855 984 1935 1022 fieri

1559 1038 1692 1076 scitote
1712 1038 1801 1088 quia
1820 1050 1943 1089 prope

1558 1099 1616 1131 est
1635 1104 1798 1142 regnum
1817 1092 1858 1129 di

1557 1146 1720 1184 32Amen
1739 1146 1828 1184 dico
1843 1146 1956 1185 uobis
1967 1146 2059 1198 quia

1559 1212 1638 1238 non
1658 1201 1826 1250 preteriit
1847 1213 1948 1251 gene

1558 1255 1653 1293 ratio
1673 1255 1767 1293 haec
1787 1255 1912 1294 donec
1932 1267 1999 1294 om

1558 1309 1622 1346 nia
1641 1308 1734 1347 fiant

1556 1363 1584 1383 ³³
1594 1362 1755 1402 Caelum
1775 1368 1813 1401 et
1831 1368 1971 1401 terram

1558 1417 1772 1455 transibunt
1791 1418 1907 1455 uerba

1557 1477 1687 1509 autem
1706 1483 1794 1509 mea
1812 1483 1893 1510 non
1912 1483 1980 1522 pre

1559 1526 1724 1563 teribunt

1556 1579 1799 1618 ³⁴Adtendite
1819 1585 1949 1618 autem
1967 1590 2020 1618 uo

1557 1709 1624 1748 Bis
1643 1722 1692 1749 ne
1712 1712 1810 1749 forte
1829 1714 1974 1760 graue*

1557 1771 1619 1803 tur
1637 1765 1755 1803 corda
1774 1772 1899 1803 uestra

1558 1819 1597 1856 in
1617 1819 1775 1870 crapula
1794 1826 1831 1857 et
1850 1819 1955 1857 ebrie

1558 1879 1636 1912 tate
1673 1880 1712 1912 et
1730 1873 1913 1923 cogitatio

1559 1928 1673 1966 nibus
1693 1928 1929 1966 secularibus

1558 1988 1595 2020 et
1614 1983 1860 2032 superueniat
1879 1982 1921 2020 in

1558 2037 1670 2074 uobis
1688 2036 1888 2086 repentina
1907 2035 1946 2073 di

1558 2102 1600 2129 es
1619 2090 1684 2128 illa
1701 2090 1934 2140 ³⁵tamquam
1953 2090 1991 2129 la

1558 2156 1681 2196 queus
1702 2145 1911 2194 superueni

1557 2206 1623 2238 ent
1643 2199 1747 2237 enim
1767 2200 1806 2236 in
1825 2210 1964 2238 omnes

1557 2253 1623 2303 qui
1643 2254 1779 2291 sedent
1798 2265 1914 2304 supra
1933 2253 1971 2291 fa

1557 2308 1654 2345 ciem
1675 2313 1798 2345 terrae

1556 2361 1757 2411 ³⁶Uigilate
1777 2362 1906 2412 itaque
1925 2373 1991 2400 om

1558 2415 1597 2453 ni
1615 2422 1791 2466 tempore
1810 2428 1906 2454 oran

1558 2477 1614 2508 tes
1632 2476 1674 2507 ut
1694 2469 1800 2518 digni
1819 2470 1943 2507 habea

1557 2524 1652 2561 mini
1670 2523 1838 2573 effugere
1857 2524 1929 2562 ista

1558 2577 1688 2616 omnia
1708 2589 1784 2628 que
1802 2577 1929 2615 futura

1559 2638 1646 2670 sunt
1664 2638 1703 2669 et
1723 2631 1881 2670 stabatis
1900 2643 1951 2669 an

1558 2694 1594 2724 te
1614 2686 1733 2724 filium
1754 2686 1922 2724 hominis

1557 2750 1656 2777 LXXI
1665 2739 1693 2761 ⁸⁷
1707 2739 1815 2778 Erat
1827 2744 1945 2778 autem
1960 2740 2057 2778 inter

1557 2794 1618 2833 die
1638 2795 1785 2833 docens
1807 2795 1846 2832 in
1866 2802 1944 2832 tem

1558 2849 1623 2898 plo
1661 2849 1840 2888 noctibus
1859 2860 1908 2887 ue

1557 2915 1600 2941 ro
1620 2903 1775 2941 exsiens
1795 2903 1968 2941 auocaba

1555 2964 1616 2995 tur
1634 2957 1674 2995 in
1694 2964 1867 2996 montem
1888 2956 1954 3006 qui

2093 335 2267 375 Uocatur
2285 337 2415 376 oliueti

2091 390 2177 429 ⁸⁸Et
2195 392 2322 429 omnis
2341 393 2509 442 populus

2091 445 2310 484 manicabat
2330 446 2379 484 ad
2399 459 2489 485 eum

2091 498 2132 535 in
2152 499 2298 549 templo
2316 500 2448 540 audire

2090 564 2182 590 eum

2090 607 2146 644 22¹
2165 606 2420 658 Adpropiauit
2439 615 2568 649 autem

2091 660 2174 698 dies
2192 660 2311 700 festus
2330 675 2470 712 azymo

2090 726 2176 752 rum
2214 716 2279 765 qui
2299 715 2434 755 dicitur

2091 768 2262 818 phascha
2299 770 2356 808 ²et
2375 782 2495 821 quere

2091 823 2185 861 bant
2206 823 2387 874 principis
2406 836 2448 862 sa

2091 876 2291 915 cerdotum
2310 884 2346 916 et
2367 878 2440 917 scri

2091 931 2164 969 bae
2183 932 2384 981 quomodo
2403 939 2485 971 eu*

2092 986 2347 1024 interficerent
2365 987 2458 1025 time

2091 1041 2185 1078 bant
2203 1052 2298 1078 uero
2318 1041 2471 1091 plebem

2090 1094 2274 1132 ³Intrauit
2293 1101 2422 1133 autem
2442 1106 2485 1133 sa

2091 1154 2200 1186 tanas
2220 1149 2258 1186 in
2279 1149 2409 1187 iudam
2429 1149 2495 1200 qui

2090 1203 2436 1252 cognominabatur

2090 1257 2255 1295 scarioht
2274 1269 2394 1295 unum
2415 1257 2464 1295 de

2089 1310 2295 1349 duodecim
2314 1312 2372 1350 ⁴et
2391 1311 2485 1349 abiit

2088 1371 2127 1403 et
2146 1365 2297 1403 locutus
2316 1372 2373 1403 est
2392 1366 2480 1415 pri-

2089 1419 2237 1469 cipibus
2256 1419 2486 1458 sacerdotu-

2089 1481 2127 1511 et
2147 1474 2281 1512 scribis
2301 1485 2447 1523 quomo

2090 1527 2142 1565 do
2162 1527 2270 1565 illum
2289 1527 2454 1566 traderet

2090 1581 2160 1620 ⁵Et
2175 1581 2278 1632 pacti
2290 1589 2378 1620 sunt
2392 1581 2588 1632 pecunia-

2089 1711 2167 1751 Am
2188 1711 2239 1750 illi
2258 1711 2393 1750 darent
2411 1711 2469 1750 ⁶et
2487 1723 2565 1762 que

2091 1767 2229 1805 rebant
2247 1766 2470 1816 oportunita

2091 1828 2171 1859 tem
2190 1821 2375 1871 temporis
2394 1826 2434 1858 ut
2453 1827 2511 1858 tra

2092 1875 2199 1914 deret
2216 1875 2322 1913 illum
2342 1875 2397 1913 eis
2415 1874 2498 1913 sine

2091 1930 2202 1968 turba
2492 1925 2590 1981 [pas

2090 1983 2231 2021 LXX11⁷
2251 1981 2361 2021 Uem't
2376 1987 2495 2020 autem
2513 1984 2589 2020 dies

2092 2037 2163 2076 che
2182 2038 2222 2075 in
2242 2049 2319 2088 qua
2338 2048 2496 2075 necesse

2090 2097 2170 2130 erat
2188 2091 2366 2129 inmolari
2385 2091 2425 2128 in
2444 2103 2515 2141 pas

2090 2146 2164 2184 cha
2196 2145 2251 2184 ⁸et
2263 2145 2364 2183 misit
2377 2150 2517 2195 petru·-

2090 2207 2128 2238 et
2147 2200 2355 2238 iohannem
2374 2199 2508 2238 dicens

2091 2260 2227 2292 euntes
2246 2259 2378 2304 parate
2396 2253 2510 2292 nobis

2091 2308 2237 2358 pascha
2255 2314 2298 2345 ut
2317 2307 2510 2346 manduce

2090 2374 2178 2400 mus

2090 2416 2172 2454 ⁹Ad
2191 2415 2243 2453 illi
2263 2415 2439 2454 dixerunt
2457 2414 2526 2453 ubi

2088 2471 2147 2508 uis
2165 2481 2345 2520 paremus
2363 2470 2431 2507 tibi
2450 2481 2571 2520 pasca

2087 2523 2175 2562 ¹⁰Et
2194 2524 2287 2562 dixit
2306 2523 2358 2562 ad
2376 2523 2460 2562 illos
2479 2535 2571 2563 ecce

2089 2578 2370 2617 introeuntibus
2389 2590 2441 2617 uo

2090 2633 2149 2672 bis
2169 2633 2208 2671 in
2228 2632 2421 2671 ciuitatem
2457 2642 2506 2670 oc

2090 2693 2214 2725 curret
2233 2687 2345 2724 uobis
2365 2686 2485 2724 homo

2091 2740 2320 2791 amphoram
2340 2750 2465 2789 aquae

2088 2803 2246 2846 portans
2266 2792 2469 2843 sequimini

2089 2861 2178 2887 eum
2198 2849 2238 2885 in
2258 2847 2419 2885 domum
2439 2845 2479 2882 in

2088 2914 2206 2953 quam
2225 2902 2366 2939 intrant
2403 2899 2474 2937 ¹¹et
2493 2898 2532 2937 di

2087 2956 2181 2995 cetis
2199 2952 2468 3006 paterfamilias
