2820 3334
281 258 341 284 xv.
365 257 487 283 2-xv1.
510 240 580 297 14]
638 241 1053 282 EUANGELJUM
1078 242 1189 282 SEC

283 332 365 363 Fol.
383 331 443 365 ¹76.

283 374 401 413 Gabit
421 383 511 411 611111
531 381 572 411 111
591 373 673 412 sruc

282 436 364 467 tum
385 427 591 479 plurimum
612 427 699 466 adse

282 490 339 521 rat
433 482 528 521 ³iam
549 495 620 521 uos
639 490 735 520 rnu-

283 538 322 575 di
343 538 432 576 estis
452 544 611 587 propter
630 549 690 575 ser

283 603 442 630 monem
462 603 578 642 quem
599 591 687 628 locu

281 653 342 684 tus
362 658 447 685 sum
468 646 580 683 uobis
599 646 734 683 ⁴mane

282 706 318 738 te
338 701 378 738 in
393 713 457 739 me
472 707 509 738 et
524 712 598 749 ego
614 700 652 737 in
668 700 781 737 uobis

283 754 388 793 Sicut
402 755 550 805 palmes
563 765 642 792 non
653 761 780 804 potest

282 809 381 847 ferre
403 810 567 846 fructum
588 809 637 846 ab
658 820 699 846 se

281 863 351 901 nisi
371 863 554 901 manserit
576 863 614 900 in
634 862 734 900 uitae

282 917 335 956 sic
357 924 393 955 et
414 917 480 968 qui
500 918 540 955 in
560 929 621 955 me
642 928 724 954 non

280 978 412 1009 manet

279 1024 386 1075 ⁵Ego
408 1037 492 1064 sum
512 1025 599 1063 uitis
619 1031 656 1063 et
676 1037 748 1063 uos

280 1080 457 1130 palmites
478 1080 542 1130 qui
562 1086 693 1117 manet
713 1081 751 1117 in

280 1146 342 1171 me
380 1141 416 1171 et
437 1146 511 1183 ego
531 1135 571 1170 in
591 1133 656 1171 illo
676 1133 738 1172 hic

279 1188 424 1226 adferet
444 1189 609 1226 fructum
631 1199 679 1226 co

278 1243 433 1292 piosum
526 1242 615 1292 quia
635 1242 666 1279 si

278 1308 327 1334 ne
347 1309 410 1334 me
431 1294 524 1333 nihil
545 1296 706 1345 potestis
726 1294 765 1333 fa

278 1363 364 1389 cere
420 1349 470 1389 ⁶si
490 1351 574 1400 quis
595 1350 634 1387 in
654 1361 718 1388 me

672 1401 774 1456 [no‘

276 1459 460 1498 manserit
480 1458 652 1509 precisus
672 1465 728 1496 est

276 1513 373 1551 sicut
393 1513 541 1563 palmes
561 1521 598 1551 et
617 1513 758 1551 missus

277 1573 334 1605 est
353 1567 456 1605 foras
476 1574 513 1605 et
533 1568 630 1605 aruit
653 1574 690 1605 et
714 1567 776 1605 601

277 1621 395 1671 ligent
416 1633 484 1659 eos
504 1627 541 1659 et
561 1622 600 1659 in
620 1622 710 1671 igne

277 1676 433 1714 mittunt
453 1682 490 1714 et
510 1675 647 1714 ardent

277 1763 338 1800 ''Si
358 1763 573 1801 manseritis
593 1764 632 1801 in
653 1776 716 1802 me

275 1825 312 1855 et
332 1819 450 1855 uerba
470 1830 557 1855 mea
578 1818 616 1855 in
636 1830 688 1855 uo

275 1872 334 1910 bis
354 1873 563 1910 manserim
601 1872 709 1922 quod

275 1938 441 1975 cumque
461 1926 658 1964 uolueritis

274 1981 389 2030 petite
410 1987 447 2018 et
467 1980 531 2018 fiet
551 1982 664 2019 uobis
685 1981 743 2019 8in

274 2035 350 2072 1106
370 2034 597 2072 clarificatus
619 2042 676 2073 est

273 2095 381 2139 pater
400 2101 511 2126 meus
548 2095 590 2126 ut
610 2089 691 2128 fruc

272 2149 355 2180 turn
376 2143 584 2193 plurimum
605 2143 703 2182 facia

272 2197 320 2235 tis
339 2204 377 2234 et
396 2197 603 2235 efficiamin
622 2198 701 2236 mei

273 2251 449 2301 discipuli

273 2304 402 2343 ¹’Sicut
421 2305 554 2344 dilexit
577 2317 641 2344 me
665 2312 775 2355 pater

273 2366 310 2397 et
329 2371 402 2409 ego
422 2371 494 2397 uos
514 2360 630 2398 dilexi
667 2371 734 2398 ma

273 2419 360 2451 nete
379 2414 419 2451 in
439 2414 655 2452 delectione

273 2478 362 2505 mea
399 2467 426 2488 ²⁰
435 2469 465 2505 si
486 2475 670 2518 precepta
686 2480 773 2506 mea

274 2522 513 2560 seruaueritis
533 2534 648 2560 mane

273 2575 361 2612 bitis
380 2575 420 2612 in
439 2575 682 2613 dilectionem

274 2640 361 2666 mea
399 2629 496 2666 sicut
516 2636 553 2667 et
573 2641 649 2678 ego
668 2641 719 2678 pa

274 2682 340 2721 tris
361 2690 544 2732 precepta
564 2684 713 2721 seruabi

275 2743 312 2774 et
331 2749 472 2774 maneo
492 2737 531 2775 in
551 2737 633 2775 eius
654 2737 692 2775 di

272 2790 477 2828 lectionem

273 2844 422 2883 llHaec
442 2845 592 2883 locutus
613 2856 699 2882 sum
719 2857 771 2883 uo

272 2899 331 2936 bis
350 2906 391 2936 ut
410 2900 595 2948 gaudium
615 2906 738 2937 meu-

272 2953 311 2989 in
327 2954 437 2991 uobis
454 2955 501 2991 sit
538 2960 576 2991 et
595 2954 770 3003 gaudiu-

273 3013 444 3045 uestrum
465 3007 655 3057 inpleatur

818 373 944 412 12Ηο6
965 380 1021 411 est
1041 379 1265 424 preceptum

817 440 948 465 meum
969 434 1009 466 ut
1029 428 1194 477 diligatis

818 483 984 520 inuicem
1006 495 1082 532 qua
1101 482 1199 520 dilec

817 538 922 574 tione
943 537 1055 574 dilexi
1075 549 1147 574 uos
1166 536 1264 574 ¹³ma

817 591 896 628 iore
918 591 988 628 1136
1009 591 1211 629 dilectione

817 657 934 683 nemo
955 645 1069 683 habet
1090 652 1130 683 ut
1151 645 1214 682 ani

816 711 920 737 mam
940 712 1048 737 suam
1069 711 1140 749 pro
1160 699 1237 737 ami

816 754 870 791 cis
891 754 968 791 suis
986 760 1106 803 ponat

815 807 934 845 14Uos
955 808 1068 845 amici
1084 807 1160 846 mei
1175 808 1266 846 estis
1283 808 1314 846 si

816 861 978 900 feceritis
998 874 1097 912 quae
1117 874 1192 911 ego

814 916 985 966 precipio
1006 918 1118 955 uobis
1138 916 1250 954 ¹⁵iam

814 982 896 1008 non
916 971 1004 1008 dico
1023 983 1096 1009 uos
1117 983 1250 1011 seruos

815 1026 905 1075 quia
926 1037 1058 1063 seruus
1079 1026 1200 1064 nescit

814 1080 907 1129 quid
927 1079 1017 1118 facit
1037 1080 1122 1117 dffis
1143 1080 1224 1118 eius

813 1145 885 1171 uos
905 1140 1034 1171 autem
1054 1135 1131 1172 dixi
1151 1135 1228 1172 ami

814 1200 883 1225 cus
923 1188 1013 1237 quia
1033 1189 1164 1226 omnia
1185 1201 1261 1239 que

813 1254 981 1291 cumque
1002 1243 1131 1279 audiui
1153 1255 1175 1279 a
1195 1255 1246 1292 pa

812 1302 869 1332 tre
888 1308 978 1333 meo
998 1303 1132 1334 notam
1153 1297 1225 1335 feci

812 1350 926 1388 uobis

812 1404 939 1442 16Νο11
957 1417 1029 1443 uos
1051 1417 1112 1443 me
1133 1404 1300 1454 elegistis

812 1459 880 1497 sed
900 1471 975 1508 ego
996 1459 1095 1509 elegi
1114 1471 1186 1497 uos
1207 1466 1245 1497 et

812 1514 925 1563 posui
946 1526 1017 1552 uos
1036 1520 1077 1551 ut
1098 1515 1192 1553 eatis
1212 1520 1249 1552 et

813 1568 1047 1606 fructificetis
1067 1575 1104 1606 et
1124 1569 1205 1607 sruc

812 1628 872 1659 tus
893 1629 1019 1661 uester
1037 1630 1193 1660 maneat

811 1762 866 1801 Ut
886 1763 1163 1814 quodcumque

810 1818 995 1867 petieritis
1015 1831 1037 1856 a
1055 1826 1164 1869 patre
1185 1819 1224 1857 in

812 1872 971 1911 nomine
991 1885 1080 1911 meo
1101 1873 1163 1911 det

811 1927 923 1964 uobis

810 1980 837 2001 ¹⁷
847 1980 956 2019 Haec
976 1981 1120 2019 mando
1139 1982 1251 2021 uobis
1272 1989 1311 2021 ut

811 2034 974 2084 diligatis
994 2036 1160 2074 inuicem
1181 2037 1246 2075 ¹⁸si

810 2090 980 2128 mundus
1000 2102 1071 2128 uos
1092 2091 1173 2128 odit
1194 2092 1247 2129 sci

809 2149 888 2181 tote
909 2145 999 2194 quia
1018 2157 1081 2183 me
1101 2146 1261 2194 priore*

809 2198 901 2236 odio
921 2198 1055 2237 habuit
1092 2199 1159 2237 ¹‘'si
1180 2200 1228 2237 de

1194 2251 1279 2306 [mu

809 2306 860 2344 do
881 2306 1045 2345 fuissetis
1065 2308 1233 2346 mundus

808 2361 914 2410 quod
937 2373 1049 2399 suum
1069 2368 1149 2399 erat
1170 2363 1209 2400 di

807 2414 938 2464 ligeret
976 2415 1066 2465 quia
1085 2423 1214 2454 autem

808 2481 889 2506 non
909 2470 1000 2507 estis
1020 2469 1068 2508 de
1088 2470 1163 2509 1106
1182 2478 1277 2508 11111-

808 2523 860 2561 (10
881 2523 949 2561 sed
969 2535 1044 2573 ego
1065 2525 1162 2574 elegi
1182 2537 1254 2563 uos

807 2576 856 2614 de
876 2578 1024 2616 mundo
1044 2586 1245 2628 propterea

808 2631 888 2668 odit
908 2643 979 2669 uos
999 2633 1167 2670 mundus

806 2683 1083 2724 20Μ61116111016
1104 2699 1231 2725 sermo

807 2750 876 2776 nes
896 2751 1012 2788 quem
1032 2752 1106 2789 ego
1129 2741 1206 2778 dixi

807 2793 919 2830 uobis
940 2805 1020 2830 non
1041 2802 1097 2831 est
1118 2806 1252 2832 seruus

807 2846 931 2884 maior
951 2847 1030 2884 dfio
1049 2860 1121 2885 suo
1141 2848 1172 2885 si
1192 2861 1254 2887 me

807 2901 997 2950 persecuti
1017 2909 1104 2939 sunt
1124 2909 1162 2940 et
1182 2914 1254 2941 uos

806 2962 1085 3005 persequentur
1123 2957 1153 2994 si
1173 2968 1234 2995 ser

805 3021 964 3047 monem
984 3021 1115 3047 meum
1136 3022 1197 3048 ser

805 3070 993 3101 uauerunt
1014 3070 1050 3102 et
1070 3071 1232 3103 uestru“

1774 243 1918 282 IOHA
1926 243 2117 283 NNEM

1386 331 1468 360 Pol.
1485 332 1543 363 77.

1387 375 1594 411 seruabunt

1390 427 1495 466 21Sed
1504 428 1599 466 haec
1613 428 1745 466 omnia
1757 428 1886 467 faciu-

1385 483 1487 521 circa
1506 494 1579 520 uos
1599 490 1758 532 propter
1777 494 1829 521 no

1385 549 1474 574 men
1494 549 1627 575 meum
1669 538 1758 587 quia

1384 591 1559 629 nesciunt
1579 603 1669 629 eum
1709 592 1775 642 qui

1383 657 1446 682 me
1466 646 1569 683 misit
1606 644 1672 683 ²²si
1693 658 1773 683 non
1793 657 1841 684 ue

1383 700 1527 738 nissem
1547 707 1583 738 et
1602 700 1755 738 locutus

1383 755 1438 791 eis
1458 754 1614 792 fuissem
1635 759 1829 804 peccatu*

1383 820 1464 846 non
1483 809 1667 846 haberent
1706 821 1810 847 nunc

1383 870 1512 901 autern
1533 864 1811 901 excusatione-

1384 929 1464 955 non
1485 918 1629 955 habent
1650 918 1697 956 de
1721 923 1883 968 peccato

1383 972 1410 993 23
1420 971 1498 1018 Qui
1511 984 1573 1009 me
1590 973 1670 1010 odit
1683 980 1719 1010 et
1734 978 1884 1022 patrem

1384 1038 1514 1063 meum
1535 1026 1615 1063 odit
1655 1027 1720 1064 2‘²si
1740 1039 1815 1076 ope

1384 1093 1426 1118 ra
1446 1092 1526 1117 non
1547 1081 1617 1118 feci
1638 1081 1676 1118 in
1696 1081 1767 1118 illis
1787 1093 1862 1131 que

1384 1146 1501 1172 nemo
1522 1134 1618 1172 alius
1638 1135 1726 1173 fecit
1746 1147 1817 1184 pec

1384 1195 1513 1226 catum
1533 1201 1613 1226 non
1634 1189 1776 1227 habent

1383 1255 1487 1280 nunc
1507 1251 1639 1281 autem
1659 1250 1696 1281 et
1716 1244 1802 1281 uide

1384 1304 1471 1334 runt
1491 1304 1528 1334 et
1548 1298 1711 1335 oderunt
1731 1310 1793 1335 me

1383 1358 1420 1389 et
1440 1358 1589 1401 patrem
1608 1364 1742 1389 meum
1762 1351 1867 1390 25sed

1382 1412 1423 1443 ut
1443 1406 1634 1455 inpleatur
1654 1418 1781 1444 sermo

1383 1460 1449 1511 qui
1470 1461 1508 1497 in
1528 1461 1612 1511 lege
1627 1473 1763 1499 eorum
1784 1461 1884 1512 scrip

1383 1521 1464 1552 tum
1485 1521 1542 1553 est
1616 1517 1707 1565 quia
1727 1515 1818 1553 odio

1383 1569 1600 1607 habuerunt
1620 1582 1682 1608 me
1701 1571 1819 1620 gratis

1383 1623 1519 1661 26Cum
1541 1636 1635 1674 ergo
1651 1625 1799 1663 uenerit
1820 1637 1870 1675 pa

1383 1764 1558 1804 Raclitus
1595 1778 1713 1816 quem
1733 1779 1754 1804 e

1381 1832 1433 1869 go
1454 1820 1564 1858 mitto
1584 1821 1697 1859 uobis
1717 1834 1739 1858 a
1759 1833 1810 1871 pa

1381 1882 1436 1912 tre
1456 1886 1546 1912 meo
1567 1878 1653 1924 spm
1674 1876 1756 1913 ueri

1381 1929 1467 1966 tatis
1506 1930 1571 1978 qui
1592 1942 1614 1967 a
1634 1937 1743 1978 patre
1763 1941 1835 1979 pro

1381 1983 1480 2021 cedit
1500 1983 1560 2020 ille
1581 1984 1775 2021 testimoni

1382 2050 1447 2074 um
1468 2038 1683 2087 perhibebit
1703 2038 1751 2076 de
1770 2050 1833 2076 me

1380 2091 1451 2129 2⁷et
1471 2104 1544 2129 uos
1563 2092 1829 2130 testimonium

1382 2146 1630 2195 perhibebitis
1651 2147 1699 2185 de
1718 2159 1780 2184 me

1380 2200 1446 2250 qui
1465 2201 1514 2238 ab
1534 2201 1642 2239 initio
1662 2213 1815 2239 mecum

1380 2255 1470 2292 estis

1381 2319 1465 2344 xxx
1476 2308 1529 2347 16¹
1537 2309 1646 2347 Haec
1652 2310 1793 2348 locutus
1798 2323 1880 2348 sum

1379 2364 1439 2401 bis
1454 2370 1495 2401 ut
1510 2375 1591 2401 non
1607 2364 1780 2402 scandali
1817 2362 1881 2418 [uo

1379 2418 1518 2455 zemini
1539 2419 1666 2456 ²extra
1685 2431 1782 2468 syna

1378 2484 1522 2521 gogam
1543 2473 1714 2511 fecerunt

1378 2538 1450 2564 uos
1524 2527 1593 2565 sed
1613 2528 1717 2565 uenit
1737 2526 1788 2565 ho

1378 2593 1419 2617 ra
1438 2587 1479 2618 ut
1499 2582 1627 2619 omnis
1647 2582 1711 2631 qui
1732 2582 1770 2619 in

1377 2634 1564 2672 terfecerit
1583 2647 1655 2673 uos
1675 2648 1717 2672 ar

1377 2689 1535 2726 bitetrur
1555 2701 1594 2726 se
1614 2689 1779 2739 obsequi

1377 2754 1442 2779 um
1461 2741 1515 2780 do
1557 2749 1750 2792 praestare

1375 2795 1474 2833 ⁸Sed
1495 2796 1591 2834 haec
1611 2796 1750 2835 facient
1770 2809 1822 2835 uo

1376 2850 1434 2886 bis
1455 2851 1544 2899 quia
1563 2863 1644 2887 non
1663 2862 1768 2889 noue

1375 2910 1462 2941 runt
1482 2910 1632 2953 patrem
1652 2917 1779 2954 neque

1375 2970 1436 2995 me
1494 2958 1608 2996 411366
1629 2966 1759 2997 31116111

1374 3011 1523 3050 locutus
1545 3024 1631 3051 sum
1652 3014 1765 3052 uobis

2371 260 2422 296 39

1920 374 1974 413 Ut
1995 387 2085 413 cum
2103 376 2249 414 uenerit
2269 376 2321 414 ho

1920 441 1961 467 ra
1982 430 2279 469 reminiscamini

1918 496 2053 521 eorum
2075 485 2165 534 quia
2184 497 2260 535 ego
2281 485 2318 523 di

1919 539 1957 575 xi
1977 539 2090 576 uobis
2128 539 2223 578 haec
2243 547 2365 578 aute-

1918 593 2030 630 uobis
2051 594 2099 631 ab
2119 594 2228 632 initio
2249 607 2330 632 non

1919 647 1996 684 dixi
2016 648 2218 686 uobiscum
2240 650 2330 699 quia

1918 714 2024 739 eram

1917 755 2055 793 ⁵Nune
2076 763 2206 794 autem
2225 757 2329 795 uado
2349 757 2399 796 ad

1918 822 2008 848 eum
2028 811 2093 860 qui
2114 811 2215 848 misit
2237 824 2298 850 me

1919 872 1956 902 et
1977 877 2093 902 nemo
2114 878 2162 903 ex
2182 866 2294 903 uobis
2314 867 2354 904 in

1918 926 2088 968 terrogat
2107 932 2169 958 me
2189 932 2269 970 quo
2287 933 2338 958 ua

1919 973 1978 1012 dis
2016 974 2104 1011 ⁶sed
2124 974 2214 1025 quia
2233 974 2328 1014 haec
2348 975 2387 1013 lo

1919 1034 2031 1067 cutus
2052 1040 2136 1066 sum
2157 1029 2268 1067 uobis
2289 1030 2354 1067 tris

1918 1083 1970 1119 tia
1991 1083 2150 1132 inpleuit
2170 1095 2237 1121 601
2257 1096 2326 1122 ues

1918 1144 2021 1174 trum
2078 1136 2167 1175 ⁷sed
2187 1150 2261 1187 ego
2282 1151 2331 1176 ue

1919 1192 2070 1229 ritatem
2091 1191 2178 1230 dico
2199 1193 2312 1231 uobis

1919 1246 2074 1294 expedit
2093 1247 2204 1284 uobis
2223 1254 2264 1284 ut
2285 1259 2360 1296 ego

1919 1300 2061 1337 uadam
2081 1300 2148 1338 sed
2169 1313 2249 1338 non
2269 1302 2355 1339 abie

1919 1366 1963 1391 ro
1984 1366 2059 1403 ego
2080 1355 2286 1403 paraclitus

1920 1420 1998 1446 non
2021 1409 2148 1447 ueniet
2168 1410 2218 1447 ad
2238 1421 2311 1448 uos

1921 1463 1950 1500 si
1970 1470 2099 1501 autem
2120 1463 2279 1502 habiero

1919 1517 2069 1555 mittam
2090 1531 2178 1556 eum
2200 1518 2249 1556 ad
2269 1530 2341 1556 uos

1918 1571 1976 1609 ⁸et
1996 1584 2084 1610 cum
2105 1572 2303 1611 aduenerit

1919 1626 1980 1664 ille
2000 1634 2134 1676 arguet
2154 1628 2335 1665 mundu-

1919 1768 1980 1807 De
2000 1775 2163 1819 peccato
2183 1775 2220 1807 et
2241 1769 2288 1808 de
2308 1770 2395 1808 iusti

1918 1824 1970 1861 tia
1990 1830 2027 1861 et
2047 1824 2094 1861 de
2115 1823 2258 1862 iudicio
2296 1824 2364 1862 ⁹de

1916 1884 2081 1927 peccato
2102 1878 2259 1928 quidem
2280 1879 2371 1929 quia

1917 1944 1997 1969 non
2017 1932 2178 1969 credunt
2198 1933 2237 1970 in
2258 1945 2320 1970 me

1916 1986 1998 2024 ¹⁰de
2019 1986 2157 2024 iustitia
2176 1999 2271 2025 uero
2310 1987 2400 2037 quia

1916 2041 1965 2078 ad
1979 2047 2130 2091 patrem
2143 2042 2246 2079 uado
2286 2048 2324 2079 et
2336 2042 2401 2079 ia*

1916 2106 1996 2132 non
2017 2095 2194 2134 uidebitis
2214 2108 2277 2133 me
2316 2095 2399 2134 ¹¹de

1915 2149 2056 2188 iudicio
2077 2156 2206 2187 autem
2227 2150 2317 2200 quia

1915 2205 2095 2254 princeps
2115 2204 2226 2242 huius
2246 2216 2340 2242 mun

1915 2258 1953 2295 di
1974 2258 2185 2297 iudicatum
2205 2265 2262 2296 est

1915 2312 2089 2350 ¹2Adhuc
2111 2313 2230 2350 multa
2250 2312 2377 2350 habeo

1914 2367 2026 2405 uobis
2047 2366 2172 2404 dicere
2194 2367 2261 2404 sed
2281 2375 2363 2404 no*

1914 2421 2075 2471 potestis
2095 2421 2156 2459 illa
2176 2421 2297 2459 modo

1914 2482 2067 2525 portare
2123 2474 2246 2513 ¹⁸cum
2266 2475 2363 2512 eni·-

1914 2529 2060 2567 uenerit
2079 2529 2139 2566 ille
2161 2532 2226 2578 sps
2245 2530 2327 2567 ueri

1913 2584 1999 2621 tatis
2019 2583 2183 2621 deducet
2203 2594 2275 2621 uos
2294 2584 2334 2621 in

1912 2637 2020 2674 omni
2039 2638 2199 2675 ueritate
2220 2649 2301 2675 non

1911 2692 2014 2728 enim
2035 2691 2204 2741 loquitur
2222 2703 2245 2729 a
2265 2704 2306 2730 se

1910 2746 2077 2795 metipso

1913 2799 1988 2837 Sed
2010 2800 2245 2850 quicumque
2265 2800 2379 2839 audie

1910 2854 1957 2890 rit
1977 2853 2144 2903 loquitur
2163 2866 2239 2903 que
2260 2862 2343 2892 116-

1909 2914 1995 2946 11113
2015 2914 2102 2946 sunt
2123 2909 2310 2947 adnuntia

1909 2963 1964 2999 uit
1983 2962 2096 3000 uobis
2115 2961 2213 3000 uiue
2234 2975 2296 3000 me
2317 2962 2378 3001 cla

1909 3016 2068 3054 rificauit
2088 3017 2179 3066 quia
2199 3016 2247 3054 de
2267 3029 2356 3055 meo
