2820 3334
255 235 312 262 111.
336 236 454 269 23—1v.
477 221 550 275 22.]
607 221 1024 261 EUANGELJUM
1045 221 1156 260 SEC

255 312 338 342 1¹01.
356 313 417 343 99.

254 352 341 392 8‘'Et
360 356 443 404 ipse
462 360 542 392 erat
562 353 620 392 ihs
640 354 758 405 incipi
792 353 892 392 filius

255 420 325 447 ens
345 408 422 447 fere
444 419 636 446 annorum

256 475 343 501 xxx·
365 462 471 513 quod
490 463 698 512 putabatur

254 529 338 555 esse
358 518 457 558 filius
477 516 612 567 ioseph

252 570 353 609 filius

253 624 282 646 ²⁴
290 625 388 664 filius

254 679 353 718 filius

254 733 354 772 filius

253 787 354 826 filius

253 842 352 880 filius

254 895 284 917 ²⁵
292 896 344 934 fili

254 950 355 988 filius

253 1005 354 1043 filius

252 1059 352 1096 filius

254 1113 356 1151 filius

255 1167 341 1204 2⁶fili

254 1221 354 1259 filius

254 1275 354 1313 filius

254 1330 354 1367 filius

254 1384 354 1421 filius

256 1438 391 1476 ²⁷filius

256 1492 355 1530 filius

255 1546 353 1584 filius

254 1600 354 1639 filius

255 1687 356 1725 filius

255 1741 283 1764 ²⁸
292 1741 392 1780 filius

254 1796 354 1834 filius

255 1850 355 1888 filius

256 1904 355 1942 fiHus

254 1958 355 1996 filius

254 2013 281 2035 ²⁹
291 2013 390 2051 filius

254 2066 351 2105 filius

255 2121 357 2159 filius

255 2176 355 2213 filius

255 2230 354 2268 filius

255 2284 354 2322 filius

254 2337 284 2359 ³⁰
291 2338 389 2376 filius

256 2392 355 2430 filius

256 2446 356 2484 filius

256 2500 356 2538 filius

256 2554 356 2592 filius

257 2608 284 2628 ³¹
293 2608 393 2646 filius

256 2662 357 2700 filius

256 2716 355 2754 filius

256 2771 356 2809 filius

257 2825 358 2863 filius

256 2880 285 2901 ³²
293 2880 392 2918 filius

258 2933 356 2971 filius

462 570 584 609 heliae

462 625 645 664 matthiae

464 679 566 717 leuui

464 733 607 772 melchi

464 788 605 826 iannae

462 842 600 892 ioseph

464 896 648 934 matthiae

465 962 576 988 amos

464 1017 584 1043 anum

462 1059 544 1097 sedi

465 1124 617 1162 naggae

465 1168 597 1205 maaht

464 1221 667 1259 matthiani

464 1275 585 1313 semei

464 1329 582 1368 osehc

464 1383 576 1422 iudae

465 1438 657 1476 iohannae

466 1505 573 1531 resae

464 1547 668 1585 zorababel

464 1600 636 1639 salathiel

466 1688 547 1726 neri

466 1742 607 1781 melchi

465 1796 554 1834 addi

466 1863 598 1889 cosam

465 1905 646 1944 elmada‘

466 1972 507 1997 er

464 2026 575 2052 zoses

461 2068 542 2106 iesu

468 2123 606 2161 eliezer

465 2178 577 2214 iorim

463 2231 641 2269 matthim

465 2286 568 2324 leuui

463 2345 625 2390 symeo-

464 2394 578 2432 iudae

467 2447 606 2498 ioseph

466 2514 579 2540 1onae

466 2555 642 2593 eliachim

468 2609 652 2647 melsiuae

468 2675 607 2701 aenam

465 2717 654 2755 mhattata

465 2771 625 2809 natham

468 2826 586 2863 dauid

466 2880 589 2918 iessae

466 2934 586 2973 obeht

1002 354 1101 392 boos

792 407 890 445 filius
1002 408 1155 446 salmon

792 461 891 499 filius
1001 474 1169 500 naasson

791 516 818 537 ⁵³
828 516 928 554 filius
1002 516 1209 554 aminadab

791 570 891 608 filius
999 582 1106 608 aram

792 624 891 662 filius
1000 636 1116 663 esron

792 678 891 716 filius
1001 678 1140 728 phares

793 732 892 770 filius
1000 732 1114 771 iudae

793 787 821 808 ³⁴
829 787 926 825 filius
1000 787 1114 825 iacob

791 841 890 879 filius
1000 841 1106 880 isach

790 895 890 933 filius
1000 896 1170 934 abrahae

793 949 892 987 filius
1002 950 1134 988 tharae

793 1003 892 1041 filius
1003 1005 1149 1043 nachor

793 1058 927 1096 ³⁵filius
1001 1058 1137 1097 seruch

794 1112 893 1150 filius
1003 1125 1124 1162 ragau

794 1167 895 1205 filius
1006 1167 1143 1217 phalec

793 1220 894 1259 filius
1003 1223 1096 1259 eber

793 1275 893 1312 filius
1004 1275 1107 1313 salae

793 1327 928 1367 ³⁶filius
1002 1330 1143 1368 cainan

792 1383 890 1422 filius
1001 1384 1150 1423 arfaxat

793 1438 893 1476 filius
1004 1450 1089 1477 sem

793 1492 892 1530 fiHus
1002 1504 1078 1531 noe

793 1547 894 1585 filius
1002 1546 1154 1586 lamech

794 1600 823 1623 ³⁷
831 1602 930 1639 filius
1003 1601 1236 1640 mattusala*

796 1688 894 1726 finus
1005 1700 1104 1727 enoc

795 1743 894 1780 filius
1003 1743 1132 1781 zareth

795 1797 895 1835 filius
1004 1797 1155 1836 malelel

796 1851 896 1889 filius
1007 1853 1159 1890 cainam

796 1906 929 1944 ³⁸filius
1003 1918 1099 1945 enos

795 1960 894 1998 filius
1006 1961 1090 1999 seth

795 2015 895 2052 filius
1006 2015 1122 2054 adam

794 2069 893 2107 filius
1003 2069 1044 2107 di

794 2132 812 2160 4
825 2123 910 2161 ²Ihs
926 2130 1055 2161 autern
1071 2123 1210 2174 plenus
1227 2126 1301 2172 spu

795 2182 863 2216 sco
883 2189 1081 2226 regressus
1101 2185 1158 2217 est
1178 2179 1227 2217 ab

795 2232 995 2270 iordanem
1034 2241 1072 2271 et
1091 2234 1217 2282 ageba

794 2292 856 2327 tur
875 2286 915 2323 in
937 2290 1010 2336 spu
1030 2287 1069 2324 in
1090 2288 1241 2326 deserto

795 2341 949 2378 ²diebus
969 2354 1031 2380 XL·
1065 2344 1265 2392 temptaba

795 2402 855 2433 tur
874 2407 897 2433 a
917 2395 1073 2434 diabulo

795 2449 846 2487 Et
866 2448 957 2487 nihil
978 2450 1229 2489 manducabit

795 2504 835 2541 in
854 2503 925 2541 illis
945 2504 1081 2543 diebus
1102 2512 1139 2543 et
1159 2518 1234 2544 con

796 2560 996 2597 summatis
1017 2559 1088 2598 illis
1107 2572 1179 2610 pos

796 2618 857 2649 tea
877 2613 1006 2651 esuriit

794 2665 926 2703 ³Dixit
945 2673 1074 2704 autem
1093 2666 1144 2703 illi
1168 2667 1284 2706 diabo

795 2719 853 2757 lus
875 2720 906 2757 si
927 2720 1024 2758 filius
1044 2719 1084 2757 di
1104 2726 1161 2758 est
1182 2721 1244 2759 dic

796 2773 916 2823 lapidi
936 2774 1025 2812 huic
1046 2780 1087 2811 ut
1107 2775 1172 2812 fiat
1191 2787 1243 2825 pa

798 2840 856 2865 ms

797 2882 870 2920 4Et
890 2881 1090 2931 respondit
1110 2881 1158 2919 ad
1179 2882 1285 2920 illurn

799 2936 858 2975 ihs
879 2943 916 2975 et
936 2936 1028 2975 dixit
1050 2937 1234 2975 scribtum

1766 222 1918 261 LUCA
1925 221 2067 261 NUM
2359 233 2404 270 51

1367 310 1449 340 Fol.
1467 311 1549 340 100.

1368 354 1438 391 Εεῖ
1459 353 1548 403 quia
1570 365 1648 391 non
1669 352 1708 390 in
1730 365 1774 391 so

1366 407 1403 445 lo
1424 419 1525 456 pane
1545 408 1649 444 uiuet
1668 407 1788 446 homo

1367 461 1434 499 sed
1455 462 1494 498 in
1514 462 1622 499 omni
1643 463 1763 501 uerbo
1783 461 1822 499 di

1366 515 1436 552 δΕῖ
1456 516 1564 553 duxit
1583 516 1690 553 illum
1712 516 1828 554 diabo

1365 569 1424 607 lus
1441 570 1482 607 in
1501 577 1677 608 montem
1697 570 1817 608 altum

1365 630 1403 661 et
1423 624 1590 662 ostendit
1609 625 1661 661 illi
1681 625 1814 662 omnia

1364 690 1485 728 regna
1503 679 1607 717 orbis
1626 685 1749 716 terrae

1363 733 1404 769 in
1423 739 1624 771 momento
1644 740 1776 783 tempo

1364 787 1414 824 ris
1462 787 1519 824 ⁶et
1540 788 1590 824 ait
1611 787 1717 824 illum
1737 788 1801 826 dia

1364 841 1476 879 bulus
1514 842 1580 879 tibi
1601 842 1704 880 dabo
1724 855 1775 892 po

1368 902 1549 933 testatem
1571 896 1672 934 hanc
1693 897 1760 934 uni

1366 962 1519 988 uersam
1540 957 1577 988 et
1597 951 1760 1000 gloriam

1366 1005 1519 1042 illorum
1540 1006 1631 1055 quia
1650 1005 1744 1042 mihi

1367 1059 1503 1097 tradita
1523 1066 1611 1097 sunt
1631 1066 1669 1096 et
1688 1060 1750 1098 cui
1770 1072 1822 1097 uo

1367 1113 1406 1152 lo
1426 1113 1476 1152 do
1496 1113 1558 1151 illa

1365 1167 1452 1205 ⁷Tu
1472 1180 1565 1205 uero
1589 1168 1618 1205 si
1637 1167 1844 1217 procidens

1367 1222 1588 1260 adoraueris
1607 1229 1696 1259 ante
1716 1235 1779 1260 me

1368 1283 1480 1314 erunt
1500 1283 1565 1314 tua
1585 1277 1717 1314 omnia

1369 1330 1439 1368 ΒΕῖ
1460 1330 1702 1380 respondens
1722 1330 1815 1368 dixit
1835 1330 1861 1368 il

1369 1385 1394 1423 li
1413 1385 1471 1423 ihs
1493 1386 1676 1434 scriptum
1697 1392 1753 1423 est

1369 1440 1461 1477 dom
1481 1439 1551 1477 dm
1571 1446 1679 1477 tuum
1699 1440 1818 1490 adora

1369 1495 1428 1532 bis
1448 1501 1485 1531 et
1505 1494 1554 1531 illi
1576 1494 1647 1532 soli
1669 1495 1813 1532 seruies

1369 1548 1439 1585 ⁹Et
1459 1549 1568 1586 duxit
1587 1549 1694 1586 illum
1710 1550 1750 1586 in
1766 1549 1873 1587 iheru

1370 1604 1489 1641 salem
1510 1610 1547 1640 et
1568 1603 1696 1641 statuit
1717 1603 1825 1641 illum

1373 1690 1497 1741 Supra
1517 1690 1666 1740 pitnam
1686 1697 1765 1728 tem

1371 1745 1422 1795 pli
1441 1752 1478 1783 et
1499 1745 1594 1783 dixit
1615 1746 1666 1782 illi
1687 1746 1718 1783 si
1739 1746 1838 1784 filius

1368 1800 1408 1838 di
1429 1812 1470 1838 es
1489 1800 1596 1837 mitte
1616 1806 1652 1837 te
1676 1799 1766 1838 hinc

1370 1854 1552 1893 deorsum
1572 1853 1780 1891 ¹⁰scrittum

1425 1915 1482 1947 est
1501 1908 1605 1946 enim
1644 1909 1751 1958 quod

1424 1962 1570 2013 angelis
1592 1962 1669 2000 suis
1690 1975 1783 2000 man

1425 2017 1530 2055 dauit
1551 2017 1598 2054 de
1619 2023 1656 2054 te
1690 2024 1730 2054 ut
1751 2029 1828 2055 con

1425 2078 1579 2109 seruent
1599 2078 1635 2108 te
1665 2071 1789 2121 ¹¹quia

1424 2126 1464 2163 in
1486 2126 1667 2164 manibus
1687 2126 1821 2164 tollent

1425 2186 1461 2218 te
1482 2193 1530 2217 ne
1552 2179 1646 2217 forte
1668 2180 1808 2230 perdas

1424 2235 1473 2273 ad
1494 2234 1663 2284 lapidem
1683 2235 1812 2285 pede*

1425 2295 1535 2326 tuum

1372 2342 1455 2381 ”Et
1478 2342 1689 2393 respondes
1710 2343 1804 2381 dixit
1824 2343 1850 2381 il

1370 2397 1395 2435 li
1415 2398 1474 2436 ihs
1494 2404 1532 2435 et
1552 2398 1738 2447 scripturn
1759 2405 1816 2436 est

1372 2465 1453 2491 non
1471 2453 1679 2502 temptabis
1701 2453 1794 2491 dom

1371 2506 1439 2543 olm
1459 2513 1567 2544 tuum

1371 2561 1398 2582 ¹⁸
1412 2562 1461 2598 Et
1481 2566 1753 2598 consummata
1774 2572 1840 2598 om

1372 2615 1410 2652 ni
1431 2615 1726 2664 temptationem

1373 2669 1550 2706 diabulus
1571 2669 1728 2705 recessit

1374 2723 1423 2760 ab
1442 2723 1508 2760 illo
1528 2734 1651 2772 usque
1672 2722 1721 2759 ad
1742 2728 1821 2759 tem

1373 2788 1445 2825 pus

1373 2830 1457 2867 14Et
1476 2841 1673 2879 regressus
1693 2837 1751 2867 est
1771 2829 1830 2868 ihs

1373 2884 1412 2921 in
1431 2884 1569 2921 uirtute
1591 2887 1656 2933 sps
1676 2884 1715 2921 in
1735 2885 1811 2933 gali

1373 2937 1473 2976 leam
1494 2945 1532 2976 et
1551 2938 1654 2976 fama
1673 2939 1763 2976 exiit

1304 3015 1374 3041 ΗΖ

1905 353 1966 391 De
1987 353 2051 391 illo
2071 365 2139 402 per
2158 353 2293 390 uniuer

1905 420 1988 446 sam
2010 409 2210 456 regionem
2232 407 2302 444 ¹⁵et
2323 407 2361 456 ip

1903 474 1943 500 se
1966 463 2131 500 docebat
2151 462 2190 499 in
2211 474 2307 511 syna

1902 518 2013 567 gogis
2033 529 2170 554 eorum
2190 524 2226 554 et
2248 528 2340 566 mag

1902 571 2158 609 nificabantur
2178 572 2226 609 ab
2247 570 2298 608 ho

1903 626 2072 662 minibus
2326 621 2413 677 [ubi

1907 685 1964 712 UH
1990 678 2079 716 1⁶Et
2105 679 2206 716 uenit
2230 679 2410 717 nazareth

1902 739 1982 769 erat
2002 733 2165 769 nutritus
2202 739 2240 770 et
2260 734 2299 771 in

1904 787 2033 824 troiuit
2054 787 2270 824 seeundum

1903 841 2225 879 consuetudinem
2245 848 2286 879 tu

1903 907 1967 933 arn
1988 895 2047 933 die
2070 896 2219 933 sabbati
2240 896 2279 932 in
2302 907 2345 945 sy

1904 962 2059 1000 nagoga
2096 957 2133 987 et
2154 950 2316 987 surrexit

1905 1004 2031 1054 legere
2070 1004 2142 1041 ¹⁷et
2162 1004 2322 1042 traditus

1905 1066 1962 1096 est
1982 1059 2034 1096 illi
2054 1059 2149 1096 liber
2169 1059 2294 1096 eseiae

1904 1113 2141 1163 prophaetae

1904 1168 1955 1205 Et
1974 1174 2015 1204 ut
2036 1167 2199 1205 reuoluit
2218 1166 2346 1204 libru-

1904 1222 2051 1259 inuenit
2072 1222 2200 1260 locum
2220 1222 2288 1260 ubi

1907 1277 2091 1325 scriptum
2112 1283 2195 1313 erat

1962 1330 2062 1379 18sps
2083 1330 2148 1368 dni
2169 1342 2282 1380 super
2302 1342 2365 1368 me

1960 1392 2117 1435 propter
2137 1386 2243 1435 quod
2263 1397 2317 1422 un

1962 1440 2017 1477 xit
2036 1452 2099 1476 me
2120 1439 2299 1489 euangeli

1963 1507 2048 1532 zare
2069 1495 2304 1544 pauperibus

1963 1549 2067 1586 misit
2088 1561 2150 1586 mc
2171 1548 2326 1598 predica

1964 1616 2005 1641 re
2027 1603 2190 1653 captiuis
2211 1603 2327 1641 remis

1911 1690 2069 1729 Sionem
2090 1697 2127 1728 et
2148 1691 2251 1728 cecis

1963 1746 2090 1783 uisum
2110 1745 2300 1783 dimittere

1964 1807 2245 1849 conquassatos
2266 1800 2305 1836 in

1965 1855 2138 1904 requiem
2186 1854 2312 1903 1s'prae

1965 1908 2093 1946 dicare
2113 1920 2260 1946 annum
2280 1907 2347 1945 dfri

1964 1963 2172 2012 adceptum
2194 1970 2231 2000 et
2251 1962 2354 1999 diem

1963 2017 2225 2055 retributionis
2266 2014 2418 2070 [libru“

1909 2071 1997 2109 2(Ἐῖ
2065 2084 2154 2110 curn
2220 2071 2418 2121 plicuisset

1910 2126 2073 2164 reddidit
2093 2126 2289 2164 ministros

1910 2187 1948 2218 et
1967 2180 2064 2218 sedit
2083 2187 2120 2217 et
2140 2181 2317 2218 omnium

1910 2235 1949 2272 in
1971 2247 2170 2285 synagoga
2191 2235 2293 2273 oculi

1910 2289 2155 2327 intendentes
2175 2290 2214 2326 in
2236 2293 2313 2326 eu*

1912 2343 1938 2366 ²¹
1948 2343 2086 2393 Coepit
2106 2350 2235 2381 autem
2256 2343 2383 2380 dicere

1911 2399 1961 2436 ad
1981 2398 2065 2436 illos
2100 2398 2190 2447 quia
2210 2397 2324 2434 hodie

1910 2452 2054 2502 inpleta
2074 2459 2130 2489 est
2152 2452 2247 2488 haec
2269 2450 2371 2501 scrip

1910 2513 1995 2544 tura
2015 2507 2054 2543 in
2075 2506 2228 2543 auribus
2248 2516 2317 2542 ues

1908 2561 1976 2598 tris

1910 2613 1994 2652 2²Et
2015 2625 2153 2651 omnes
2174 2613 2371 2652 testimoni

1911 2680 1979 2705 um
2000 2668 2051 2705 illi
2072 2667 2287 2705 reddebant

1909 2729 1947 2760 et
1967 2723 2206 2759 mirabantur
2225 2723 2264 2759 in

1910 2777 2038 2814 uerbis
2058 2776 2203 2826 gratiae
2225 2788 2325 2827 quae

1910 2830 2173 2881 procedebant
2193 2830 2240 2868 de
2261 2843 2328 2869 ore

1913 2885 2030 2935 ipsius
2051 2892 2088 2923 et
2109 2885 2289 2923 dicebant
2310 2891 2391 2923 no*

1912 2952 1961 2977 ne
1982 2940 2044 2978 hic
2064 2946 2121 2978 est
2141 2940 2240 2977 filius
2259 2939 2395 2989 ioseph

2227 3016 2294 3042 xm
