2820 3334
461 199 511 245 84

460 286 543 316 Fol.
559 288 641 318 165.

461 329 579 367 Enim
599 331 757 369 timebat
776 330 899 370 ioha-

461 396 553 421 nem
573 385 698 423 sciens
717 397 806 423 eum
826 386 865 422 ui

460 450 546 475 rum
566 439 707 476 iustum
726 447 762 477 et
783 451 876 477 sanc

459 498 543 529 tum
564 499 601 530 et
621 494 855 532 obseruabat

460 545 567 584 illum
604 553 641 585 et
661 547 792 585 audito
811 559 860 585 eo

460 600 581 638 multa
599 600 763 639 faciebat
780 608 819 640 et
839 601 864 639 li

460 654 597 692 benter
615 655 795 694 audiebat
815 655 841 693 il

459 708 540 746 lum
704 709 828 748 ²¹cum
848 709 887 748 di

460 774 502 800 es
521 769 650 801 autem
670 771 885 814 oportunus

460 816 675 856 adcedisset
694 819 848 857 herodis

460 871 597 910 natalis
611 873 673 910 sui
693 872 782 911 fecit
801 885 847 911 ce

460 937 552 963 nam
572 926 810 977 principibus
830 934 868 965 et

459 980 620 1018 tribunis
639 987 675 1019 et
694 981 826 1030 primis
845 993 896 1030 ga

459 1033 568 1072 lileae
588 1034 805 1073 ²²introiens
825 1047 874 1073 au

460 1094 539 1126 tem
559 1088 634 1126 filia
653 1089 772 1138 ipsius
791 1089 885 1127 hero

460 1141 583 1180 diadis
603 1143 740 1181 saltare
759 1155 849 1181 cum

460 1196 634 1234 saltasset
670 1197 813 1247 placuit
832 1197 880 1235 he

459 1250 544 1289 rodi
565 1257 602 1288 et
622 1251 734 1289 simul
754 1252 903 1290 descu-

460 1305 639 1344 bentibus
712 1306 806 1344 dixit
826 1319 891 1344 rex

459 1359 609 1408 puellae
627 1366 712 1409 pete
732 1373 755 1398 a
773 1373 836 1398 me
853 1359 958 1411 quod

459 1413 520 1451 uis
535 1421 572 1451 et
585 1414 688 1452 dabo
704 1415 771 1452 tibi
788 1415 859 1453 ²³et
878 1415 960 1452 iura

460 1467 514 1505 uit
533 1468 583 1505 illi
606 1468 727 1507 multa
745 1470 835 1520 quia
855 1468 960 1520 quod

460 1533 630 1572 cumque
649 1535 712 1561 me
731 1524 885 1573 petieris

460 1575 565 1614 dabo
584 1576 651 1614 tibi
670 1578 836 1616 etiamsi
856 1578 895 1617 di

459 1715 628 1756 Midium
645 1722 755 1771 regni

458 1772 487 1793 ²⁴
496 1771 585 1819 Que
605 1786 695 1824 curn
715 1777 853 1816 exisset
872 1778 911 1817 di

459 1827 515 1865 xit
533 1829 645 1866 matri
664 1842 755 1869 suae
775 1833 868 1882 quid

459 1888 591 1930 petam
682 1885 745 1924 illa
765 1899 860 1926 uero

460 1935 555 1973 dixit
574 1945 688 1987 caput
708 1941 886 1982 iohannis

461 1990 628 2040 baptiste

460 2043 676 2097 ²⁵Cumque
695 2049 884 2090 introitset

461 2099 512 2136 ad
531 2112 663 2150 regem
683 2105 816 2143 confes

461 2153 531 2191 tim
550 2154 644 2193 dixit
665 2158 714 2195 da
733 2159 827 2197 mihi
847 2160 887 2198 in

462 2208 572 2247 disco
591 2218 707 2261 caput
726 2213 842 2252 iohan

461 2264 521 2301 nis
541 2264 729 2315 baptistae
766 2269 838 2307 ²⁰et
857 2276 939 2308 co-

462 2319 630 2359 tristatus
650 2329 707 2360 est
725 2335 792 2361 rex
813 2331 855 2362 ut

461 2374 606 2413 audiuit
624 2385 779 2427 propter
797 2379 857 2418 ius

462 2428 668 2468 iurandum
687 2439 818 2471 autem

463 2490 500 2522 et
520 2493 678 2535 propter
694 2487 808 2526 simul
828 2500 869 2527 re

463 2541 674 2580 cunbentes
695 2542 816 2581 noluit

462 2606 550 2632 eam
570 2596 794 2635 contristare

463 2648 567 2687 ²⁷sed
587 2650 708 2689 misso
727 2650 924 2701 speculato

465 2715 506 2741 re
526 2706 695 2755 precepit
714 2705 852 2744 adferri

465 2764 581 2806 caput
601 2759 683 2797 eius
757 2766 794 2798 et
814 2772 904 2799 cum

465 2811 607 2849 abisset
627 2813 832 2853 decollauit

467 2877 557 2903 eum
577 2866 616 2902 in
636 2878 826 2905 carcerem

467 2919 552 2957 ²⁸Et
571 2919 703 2958 adtulit
722 2929 835 2971 caput
855 2922 936 2960 eius

468 2973 508 3011 in
528 2973 637 3013 lance
657 2981 695 3013 et
713 2974 817 3014 dedit
836 2976 926 3014 illud

694 199 1105 239 EUANGELIUM
1127 199 1239 240 SEC

996 330 1151 370 Puellae
1171 330 1299 381 puella
1318 337 1448 370 autem

995 385 1099 423 dedit
1117 385 1229 423 matri
1250 397 1341 424 suae

994 440 1023 461 ²⁹
1031 439 1151 486 Quod
1170 440 1304 478 audito
1319 440 1493 491 discipuli

993 494 1076 532 eius
1095 501 1285 532 uenerunt
1304 500 1342 532 et
1361 501 1403 532 tu

993 548 1119 586 lerunt
1139 560 1278 598 corpus
1297 549 1378 587 eius
1397 555 1435 586 et

993 609 1204 653 posuerunt
1222 602 1316 640 illud
1336 603 1376 640 in
1395 614 1462 640 mo

993 664 1182 695 numento

992 710 1078 749 80Εἰ
1096 717 1366 750 conuertentes
1385 723 1481 761 apos

993 765 1059 803 toli
1079 765 1128 803 ad
1148 765 1227 803 ihm
1247 766 1473 803 renuntiaue

992 825 1081 858 runt
1101 820 1135 857 ei
1155 819 1288 858 omnia
1306 831 1405 869 quae
1426 819 1461 857 fe

993 880 1127 911 cerunt
1146 880 1184 911 et
1204 873 1416 911 docuerunt

991 927 1076 965 ³¹Et
1089 928 1140 965 ait
1151 927 1223 964 illis
1236 927 1293 964 ihs
1306 928 1433 965 uenite
1446 939 1492 965 ea

992 993 1080 1020 mus
1100 981 1140 1018 in
1161 981 1355 1020 desertum
1373 981 1412 1020 lo

993 1047 1082 1074 cum
1101 1042 1138 1073 et
1156 1035 1383 1086 requiescite

991 1089 1173 1139 pusillum

991 1144 1113 1182 Erant
1125 1144 1228 1183 enim
1240 1143 1399 1194 quidam
1411 1151 1493 1182 eu-

992 1204 1050 1236 tes
1070 1205 1107 1236 et
1126 1198 1320 1236 redeuntis
1340 1205 1377 1236 et
1396 1210 1469 1237 nec

991 1252 1252 1291 manducandi
1272 1252 1429 1302 spatiu-

992 1307 1161 1345 habebat

993 1361 1077 1398 ⁸²Et
1090 1361 1333 1400 ascendentis
1346 1361 1384 1398 in
1400 1361 1491 1398 naui

993 1415 1168 1454 abierunt
1187 1416 1228 1454 in
1248 1416 1433 1454 desertu-

992 1470 1122 1508 locum
1142 1476 1290 1509 secreto
1309 1470 1382 1508 ³³et
1403 1468 1492 1507 uide

993 1530 1081 1562 runt
1101 1536 1168 1562 eos
1188 1525 1372 1562 abeuntes
1392 1529 1430 1562 et

993 1585 1266 1629 cognouerunt
1285 1577 1392 1616 multi

993 1719 1043 1757 Et
1062 1719 1236 1770 pedestre
1257 1720 1307 1757 ab
1326 1718 1434 1757 omni

993 1775 1065 1812 bus
1086 1774 1302 1812 ciuitatibus
1323 1785 1398 1812 con

993 1834 1189 1867 currerunt
1208 1828 1295 1866 illuc
1315 1834 1353 1866 et
1370 1839 1419 1865 ue

992 1889 1131 1921 nerunt
1151 1882 1239 1920 illuc
1307 1879 1414 1935 [dens
1433 1880 1494 1919 ihs

994 1935 1155 1974 ιιῆῑωηι34
1174 1936 1233 1974 Et
1243 1938 1372 1975 exiens
1385 1940 1420 1974 el
1435 1937 1494 1974 uz·-

993 1993 1125 2030 turbas
1144 1991 1285 2029 multas
1304 1991 1421 2029 miser

994 2053 1055 2085 tus
1073 2053 1130 2084 est
1150 2045 1221 2084 illis
1241 2045 1331 2095 quia
1352 2050 1460 2083 erant

995 2101 1094 2140 sicut
1113 2111 1208 2138 oues
1228 2100 1369 2150 quibus
1387 2107 1469 2137 no-

995 2161 1074 2193 erat
1092 2161 1223 2204 pastor
1241 2161 1279 2192 et
1298 2153 1428 2204 coepit

996 2209 1136 2247 docere
1155 2220 1223 2247 eos
1242 2208 1362 2246 multa

996 2262 1081 2301 ⁸⁵Et
1097 2274 1186 2301 cum
1205 2261 1283 2300 iarn
1303 2262 1398 2300 hora
1413 2260 1494 2298 mul

996 2323 1036 2355 ta
1055 2317 1161 2355 fieret
1180 2322 1427 2355 accesserunt

997 2371 1174 2420 discipuli
1194 2371 1275 2408 eius
1294 2370 1465 2408 dicentes

997 2425 1169 2463 desertus
1189 2424 1298 2462 locus
1317 2431 1375 2462 est
1393 2429 1431 2461 et

997 2478 1093 2517 hora
1111 2479 1189 2516 iam
1209 2478 1329 2516 multa
1347 2483 1406 2516 est
1419 2477 1448 2498 ⁸⁶
1456 2477 1494 2516 di

996 2534 1103 2572 mitte
1122 2532 1206 2571 illos
1224 2539 1266 2570 ut
1283 2538 1419 2570 euntes

996 2588 1036 2626 in
1054 2587 1250 2637 proximas
1269 2586 1379 2624 uillas
1398 2591 1436 2624 et

996 2641 1151 2681 castella
1163 2647 1295 2679 emant
1307 2640 1377 2679 sibi
1390 2639 1495 2691 quod

996 2696 1234 2734 manducent
1376 2691 1450 2749 [xit
1470 2694 1495 2731 il

997 2750 1082 2789 ³⁷Et
1103 2749 1342 2800 respondens
1361 2749 1419 2787 ihs
1438 2748 1495 2787 di-

996 2805 1042 2843 lis
1061 2804 1149 2842 date
1168 2804 1238 2842 illis
1257 2816 1328 2843 uos
1348 2815 1441 2842 man

997 2859 1139 2897 ducare

998 2913 1058 2951 Illi
1076 2919 1205 2951 autem
1225 2912 1399 2951 dixerunt
1417 2911 1453 2951 ei

999 2973 1135 3006 euntes
1154 2978 1330 3005 ememus
1348 2978 1400 3017 pa

1950 204 2225 245 MARCUM

1564 291 1645 321 1⁸01.
1665 292 1749 321 166.

1564 333 1645 371 Nes
1666 334 1918 372 ducentorum

1562 387 1797 425 dinariorum
1822 394 1861 426 et
1883 388 2062 427 dabimus

1561 442 1633 479 illis
1653 442 1887 480 manducare
1993 440 2062 495 [pa

1560 495 1686 546 ³⁸Ipse
1699 508 1792 534 uero
1805 496 1855 534 ait
1869 496 1941 534 illis
1954 497 2062 548 quod

1561 562 1629 588 nes
1650 550 1798 589 habetis
1817 550 1868 588 ite
1887 551 2015 589 uidete

1561 603 1611 642 Et
1631 615 1722 642 curn
1742 605 2017 654 cognouissent

1561 658 1695 697 dicunt
1712 658 1748 696 ei
1767 659 1938 709 quinque
1958 671 2009 709 pa

1561 725 1629 750 nes
1649 719 1687 750 et
1707 713 1806 751 duos
1825 713 1951 763 pisces

1560 766 1645 804 8“Et
1665 767 1834 817 precepit
1854 767 1924 805 illis
1944 773 1986 805 ut

1902 818 2062 874 [discu-

1560 875 1668 913 beret
1687 886 1825 913 omnes
1844 887 1913 925 per
1932 888 2009 914 con

1559 929 1735 967 tubernia
1754 941 1869 979 super
1888 930 1957 967 uiri

1560 983 1650 1022 dem
1669 983 1801 1021 fenum
1819 983 1893 1022 4⁰et
1913 984 2022 1023 discu

1559 1038 1724 1076 buerunt
1742 1037 1783 1075 in
1802 1043 1928 1088 partes
1947 1050 2016 1088 per

1560 1098 1745 1130 centenos
1765 1099 1802 1131 et
1822 1104 1889 1143 per
1908 1093 2003 1143 quin

1559 1158 1760 1196 quagenos

1559 1200 1585 1221 ‘¹¹
1594 1201 1643 1238 Et
1655 1200 1807 1250 adcepit
1818 1200 1877 1238 ihs
1889 1201 2061 1251 quinque

1559 1255 1724 1305 panibus
1743 1260 1781 1292 et
1802 1255 1953 1293 duobus
1973 1255 2032 1304 pis

1559 1309 1667 1347 cibus
1722 1309 1928 1358 respiciens
1947 1309 1987 1346 in

1561 1363 1712 1401 caelum
1732 1363 1929 1401 benedixit
1949 1369 1987 1401 et

1560 1416 1670 1467 fregit
1724 1417 1895 1468 quinque
1914 1430 1965 1467 pa

1560 1483 1629 1509 nes
1649 1477 1687 1509 et
1706 1471 1810 1509 dedit
1830 1470 2024 1520 discipulis

1560 1525 1639 1564 suis
1658 1532 1699 1563 ut
1718 1532 1905 1575 ponerent
1925 1531 2014 1563 ante

1560 1591 1629 1618 eos
1666 1585 1704 1617 et
1723 1579 1821 1617 duos
1840 1580 1966 1629 pisces
1982 1578 2060 1616 diui

1560 1634 1607 1672 sit
1627 1634 1807 1672 omnibus
1826 1634 1898 1672 ⁴²et
1913 1632 2060 1671 mandu

1562 1719 1757 1758 Cauerunt
1778 1731 1916 1757 omnes

1561 1782 1598 1814 et
1617 1774 1774 1812 saturati
1792 1780 1882 1812 sunt
1900 1773 1972 1812 4‘'‘et
1991 1779 2035 1812 tu

1560 1829 1683 1868 lerunt
1702 1828 1881 1879 reliquias
1901 1828 1985 1877 frag

1561 1889 1782 1922 mentorum
1801 1895 1869 1921 xn-
1892 1881 2004 1932 cophi

1561 1949 1635 1976 nos
1654 1937 1791 1988 plenos
1811 1942 1849 1974 et
1869 1936 1916 1975 de
1937 1936 2034 1986 pisci

1562 1993 1634 2030 bus
1707 1992 1851 2030 “erant
1870 1997 1992 2028 aute-

1561 2046 1629 2096 qui
1649 2045 1967 2084 manducauera-

1562 2100 1731 2151 quinque
1750 2099 1854 2138 milia
1873 2099 1956 2137 uiro

1561 2167 1648 2192 rum

1561 2209 1589 2230 ⁴⁶
1598 2208 1648 2246 Et
1668 2207 1795 2246 statim
1811 2219 1973 2257 surgens
1988 2219 2060 2246 coe

1561 2263 1617 2313 git
1637 2262 1842 2312 discipulos
1862 2274 1953 2300 suos

1561 2316 1770 2355 ascendere
1790 2328 1933 2354 nauem

1560 2378 1600 2409 ut
1619 2370 1839 2421 precederet
1857 2381 1948 2408 eum

1561 2432 1666 2464 trans
1685 2425 1823 2462 fretum
1843 2424 1893 2462 ad
1914 2425 1978 2461 bet

1562 2478 1710 2518 saidam
1729 2478 1822 2516 dum
1842 2478 1925 2527 ipse
1945 2477 1983 2515 di

1562 2533 1726 2571 mitteret
1744 2532 1934 2582 populum

1561 2587 1645 2625 4‘'Et
1664 2598 1756 2625 cum
1771 2586 1974 2624 dimisisset
1992 2597 2060 2624 eos

1562 2641 1653 2680 abiit
1672 2641 1711 2678 in
1731 2649 1906 2679 montem
1926 2652 2035 2678 orare

1563 2705 1621 2732 xx
1630 2695 1658 2717 ⁴⁷
1676 2694 1735 2733 Et
1750 2707 1832 2733 cum
1851 2707 1930 2732 sero
1948 2698 2037 2732 esset

1963 2746 2062 2800 [sac

1563 2810 1646 2842 tum
1666 2802 1743 2841 iam
1762 2808 1842 2841 erat
1860 2802 1971 2840 nauis

1563 2858 1603 2895 in
1623 2857 1753 2896 medio
1772 2856 1868 2895 mari
1887 2863 1924 2894 et
1943 2857 2025 2906 ipse

1563 2912 1621 2950 ihs
1641 2911 1745 2950 solus
1763 2911 1802 2948 in
1822 2917 1918 2949 terra
1936 2911 2010 2948 ⁴⁸et

1563 2965 1702 3004 uidens
1719 2964 1826 3002 illurn
1845 2964 2025 3014 remiga-

1565 3027 1643 3059 tem
1662 3026 1699 3058 et
1717 3018 1938 3057 laborantes

2381 203 2449 258 [vr.
2471 212 2596 255 20-56‚

2096 335 2190 374 Erat
2209 335 2312 374 enim
2332 335 2404 374 illis
2422 348 2500 375 uen

2097 396 2157 428 tus
2177 390 2392 428 contrarius

2096 443 2146 482 Et
2165 444 2315 483 circiter
2334 450 2471 494 quarta
2489 444 2528 482 ui

2094 498 2185 548 gilia
2204 499 2327 537 noctis
2346 499 2452 537 uenit
2470 498 2529 536 ihs

2095 551 2298 590 ambulans
2319 564 2435 602 supra
2453 565 2519 591 ma

2095 617 2179 644 rem
2197 612 2235 644 et
2254 606 2408 645 uolebat
2427 619 2497 657 pre

2094 659 2207 698 terire
2228 660 2313 699 illos

2094 713 2123 734 ⁴⁹
2130 713 2189 751 Illi
2208 725 2302 751 uero
2319 719 2362 752 ut
2379 714 2557 753 uiderunt

2094 767 2202 806 illurn
2222 768 2485 806 ambulantem

2095 833 2213 871 supra
2232 833 2379 859 marem
2400 828 2493 872 puta

2095 882 2234 914 uerunt
2253 876 2415 926 phasma
2435 887 2519 914 esse

2094 936 2132 968 et
2151 930 2399 968 exclauerunt
2418 941 2485 968 om

2096 996 2165 1022 nes
2183 984 2257 1022 ⁵⁰et
2277 984 2492 1023 conturbati

2096 1044 2185 1076 sunt

2094 1092 2146 1130 Et
2164 1092 2312 1130 locutus
2331 1097 2389 1130 est
2408 1090 2457 1129 ad
2476 1103 2544 1130 eos

2095 1146 2229 1184 dicens
2250 1146 2440 1184 confidete
2460 1157 2536 1195 ego

2095 1207 2183 1238 sunt
2203 1200 2318 1238 nolite
2338 1201 2470 1238 timere

2094 1254 2179 1292 51Εῐ
2197 1254 2369 1293 aseendit
2391 1254 2431 1292 in
2451 1265 2594 1291 nauem

2093 1308 2144 1347 ad
2163 1308 2247 1347 illos
2266 1315 2304 1346 et
2323 1309 2485 1346 cessauit
2504 1319 2583 1346 ue-

2093 1369 2156 1400 tus
2247 1368 2284 1400 et
2304 1362 2390 1412 plus
2411 1361 2534 1411 magis

2093 1417 2193 1454 intra
2211 1428 2252 1454 se
2273 1417 2477 1466 stupebant

2093 1470 2121 1492 ⁶²
2129 1483 2210 1509 non
2229 1471 2334 1509 enim
2354 1469 2536 1508 intellexe

2094 1530 2152 1563 rat
2171 1524 2219 1562 de
2238 1524 2402 1574 panibus
2441 1529 2523 1561 erat

2093 1579 2199 1617 enim
2218 1590 2284 1617 cor
2303 1578 2454 1617 illorum
2473 1584 2556 1616 co-

2098 1717 2254 1756 Tusum

2094 1773 2183 1811 ⁶³Et
2202 1784 2294 1811 cum
2311 1771 2532 1810 transfretas

2095 1832 2180 1865 sent
2199 1826 2290 1864 inde
2308 1838 2477 1876 peruene

2094 1888 2181 1919 runt
2200 1880 2251 1919 ad
2269 1887 2410 1919 terram
2428 1891 2507 1930 gen

2095 1947 2209 1974 nesar

2093 1989 2179 2027 ⁶⁴Et
2192 2000 2283 2027 cum
2297 1999 2476 2038 egressus
2490 1990 2593 2026 esset

2095 2043 2144 2082 de
2164 2043 2254 2082 naui
2274 2043 2459 2081 continuo
2478 2053 2556 2091 cog

2094 2103 2286 2136 nouerunt
2305 2108 2396 2134 eum

2094 2151 2179 2190 ⁵⁵Et
2201 2151 2486 2190 circumcurren

2094 2212 2152 2244 tes
2171 2205 2391 2243 uniuersam
2411 2204 2518 2254 regio

2094 2272 2185 2298 nem
2204 2259 2309 2297 illam
2329 2265 2529 2308 coeperu-

2094 2314 2134 2352 in
2153 2313 2321 2363 grauatis
2340 2312 2438 2350 ferre
2458 2319 2516 2350 ο-

2094 2379 2163 2406 nes
2183 2367 2283 2405 male
2302 2366 2487 2404 habentes

2093 2420 2411 2460 circumferebant

2093 2483 2223 2515 autem
2242 2487 2312 2513 eos
2331 2474 2491 2513 ubicum

2093 2542 2170 2581 que
2189 2529 2368 2568 audiebat
2386 2528 2467 2566 ihm

2093 2596 2177 2623 esse
2196 2584 2268 2622 ⁶⁶et
2287 2594 2536 2634 quocumque

2092 2638 2295 2677 introiebat
2313 2637 2353 2674 in
2373 2636 2483 2675 uicos
2501 2633 2564 2673 uel

2092 2693 2133 2731 in
2151 2692 2261 2731 uillas
2279 2697 2345 2730 aut
2363 2691 2403 2728 in
2422 2690 2539 2728 ciuita

2094 2755 2152 2786 tes
2172 2745 2371 2797 ponebant
2389 2743 2564 2781 infirmos

2095 2807 2133 2839 et
2152 2801 2192 2838 in
2211 2799 2345 2850 plateis
2364 2803 2402 2835 et
2420 2796 2536 2846 depre

2095 2855 2282 2893 cabantur
2299 2862 2389 2889 eum
2409 2857 2451 2888 ut
2469 2850 2532 2888 uel
2583 2850 2588 2854 ”

2093 2907 2286 2947 fimbriam
2305 2905 2492 2943 uestimen

2093 2962 2120 3001 ti
2139 2962 2220 3000 eius
2238 2965 2409 3010 tangeret
2427 2965 2465 2998 et
2484 2957 2591 3010 quod
