2820 3334
283 233 361 260 mx.
384 232 525 270 31-xx.
551 216 624 272 23·]
681 217 1101 259 EUANGELIUM
1121 218 1235 259 SEC

284 308 367 338 Fol.
383 307 443 337 84.

283 351 431 389 Eorum
452 362 562 388 crura
582 356 620 387 et

283 405 506 443 tollerentur

283 459 521 497 ³²Uenerunt
540 470 635 508 ergo
655 458 735 496 mili

283 520 341 552 tes
361 521 398 551 et
418 513 516 551 illius
536 513 694 563 quidem

284 568 397 618 primi
417 567 614 617 fregerunt
635 580 703 605 cru

283 634 325 660 ra
345 628 382 659 et
402 622 556 659 alterius
578 622 691 659 simul

284 676 351 726 qui
370 677 474 714 cruci
494 676 594 713 fixus
614 683 696 713 erat

284 743 374 769 cum
393 742 442 768 eo
517 730 602 768 asad
624 730 704 768 ihm

284 791 413 823 autem
433 797 521 823 cum
542 785 652 823 uenis

284 846 369 877 sent
389 847 429 876 ut
449 839 635 876 uidissent
655 846 737 877 eu-

284 901 482 931 mortuum
503 905 583 930 non
604 892 658 930 fre

285 954 424 997 gerunt
443 948 477 985 ei
498 960 609 985 crura
628 947 732 985 3‘sed

284 1014 406 1040 unum
427 1002 589 1039 militum
610 1002 674 1039 lan

284 1057 344 1095 cia
364 1057 461 1094 latus
480 1057 562 1093 eius
582 1068 722 1105 percus

285 1111 331 1149 sit
351 1117 388 1147 et
408 1110 525 1147 exiuit
545 1112 731 1148 continuo

286 1165 443 1214 sanguis
463 1171 499 1202 et
520 1176 622 1214 aqua

284 1218 370 1256 ³⁵Et
389 1218 455 1268 qui
474 1218 568 1255 uidit
588 1218 742 1256 testimo

285 1273 392 1310 nium
413 1272 603 1322 perhibuit
624 1279 662 1310 et

283 1339 419 1365 uerum
439 1333 497 1365 est
517 1327 671 1364 testimo

283 1382 394 1419 nium
414 1382 495 1419 eius
515 1388 553 1418 et
573 1381 634 1419 ille
655 1381 726 1419 scit

286 1437 377 1487 quia
397 1447 488 1473 uera
508 1435 597 1473 dicit
616 1443 658 1473 ut

284 1499 321 1528 et
341 1502 412 1528 uos
433 1490 592 1528 credatis
612 1489 706 1528 ³⁶fac

284 1551 323 1583 ta
343 1550 432 1582 sunt
451 1544 554 1582 enim
573 1544 671 1583 haec

284 1606 326 1636 ut
346 1599 533 1648 scriptura
553 1599 644 1636 adin

284 1686 439 1724 Pleatur

339 1752 473 1779 ossum
493 1751 573 1777 non
593 1752 670 1778 con

338 1795 511 1844 fringetis
532 1795 580 1832 ab
600 1807 648 1832 eo

339 1848 410 1886 ³⁷et
430 1849 565 1886 iterum
587 1856 624 1886 et
644 1848 717 1887 alia

339 1904 525 1953 scriptura
544 1903 632 1941 uide

338 1958 436 1995 bunt
455 1958 495 1994 in
515 1970 633 2007 quem
652 1965 734 1995 no*

338 2018 609 2062 conpuxerunt

284 2066 313 2087 ⁸³
321 2066 414 2105 Post
433 2066 530 2104 haec
549 2066 700 2115 rogauit
719 2066 759 2116 pi

284 2121 403 2159 latum
423 2120 560 2170 ioseph
580 2121 629 2158 ab
649 2133 673 2158 a

284 2176 434 2213 rimatia
454 2178 519 2225 qui
540 2181 620 2213 erat
641 2175 698 2212 dis

284 2230 434 2280 cipulus
453 2230 519 2267 ihu
575 2229 688 2267 occul

285 2290 322 2321 te
342 2291 470 2322 autem
491 2289 648 2334 propter

284 2345 388 2376 metu
408 2338 611 2376 iudeorum

284 2399 327 2429 ut
347 2392 496 2430 tolleret
515 2404 657 2443 corpus

285 2446 350 2484 ihu
370 2452 407 2484 et
427 2447 598 2495 permisit
617 2446 756 2496 pilatus

285 2507 476 2537 uenerunt
495 2512 588 2549 ergo
608 2507 646 2538 et

285 2554 455 2591 tulerunt
474 2566 564 2591 eum

285 2607 440 2645 ⁸⁹Uenit
459 2620 552 2657 ergo
572 2607 709 2646 nicode

285 2674 373 2700 mus
413 2663 478 2712 qui
498 2662 664 2711 primum

285 2723 444 2754 uenerat
465 2716 513 2754 ad
534 2716 612 2753 ihm
633 2728 709 2755 noc

285 2778 322 2809 te
343 2770 468 2809 ferens
487 2771 654 2809 mixtura

285 2837 439 2863 murrae
479 2832 517 2863 et
537 2825 623 2863 aloe

286 2882 397 2929 quasi
417 2879 530 2917 libras
550 2892 622 2918 cen

287 2940 369 2972 turn
461 2934 715 2985 ⁴⁰acceperu*

819 350 927 401 Ergo
947 363 1089 401 corpus
1109 351 1174 389 ihu

820 412 857 443 et
878 406 1145 455 adligauerunt
1164 412 1246 443 eu-

821 472 909 498 cum
931 461 1167 498 aromatibus
1188 459 1219 497 si

821 521 885 552 cut
905 522 961 552 est
981 515 1223 553 consuetudo

821 568 942 607 iudeis
963 569 1138 619 sepellire

820 622 947 661 “Erat
967 630 1096 661 autem
1116 624 1152 660 in
1176 622 1263 660 loco

820 677 886 715 ubi
906 678 1009 715 cruci
1030 678 1129 715 fixus
1149 683 1206 715 est

821 731 954 769 hortus
974 739 1011 769 et
1031 732 1070 769 in
1091 731 1205 769 horto

820 792 1117 823 monumentum
1138 797 1190 823 no

820 852 913 877 uum
934 840 974 877 in
995 852 1074 890 quo
1094 839 1271 877 nondum

821 895 1026 944 quisquam
1047 895 1197 944 positus

821 955 902 986 erat
923 949 1010 986 42ibi
1030 961 1123 998 ergo
1143 955 1302 999 propter

821 1015 1060 1053 parasceuen
1080 1004 1171 1054 quia

820 1059 927 1096 iuxta
947 1064 1025 1096 erat
1044 1070 1166 1095 monu

820 1119 995 1149 mentum
1015 1118 1229 1162 posuerunt

821 1166 902 1203 ihm

822 1230 938 1256 XXXU-
977 1219 1034 1258 20¹
1078 1220 1162 1258 Una
1201 1226 1321 1258 aulem

820 1275 941 1312 maria
961 1275 1192 1324 magdalena

820 1336 857 1366 et
878 1329 983 1367 uenit
1003 1341 1118 1367 mane
1138 1341 1228 1367 cum

820 1383 947 1421 adhuc
967 1385 1126 1421 tenebre
1147 1395 1188 1421 es

820 1444 905 1475 sent
925 1438 974 1476 ad
994 1445 1214 1476 monume‘*

820 1500 902 1529 tum
922 1498 959 1529 et
979 1493 1083 1530 uidet
1103 1492 1262 1542 lapide-

821 1547 1011 1585 sublatam
1032 1560 1055 1585 a
1074 1559 1197 1584 monu

820 1607 954 1638 mento
1028 1601 1217 1639 ²cucurrit

819 1686 927 1737 Ergo
947 1694 984 1725 et
1005 1689 1110 1726 uenit
1129 1688 1178 1726 ad
1198 1688 1230 1726 si

819 1754 978 1779 monem
997 1749 1150 1792 petrum
1170 1749 1208 1781 et

820 1796 870 1833 ad
889 1797 1006 1834 alium
1027 1797 1256 1847 discipulum

819 1862 936 1900 quem
958 1851 1148 1901 dilegebat
1168 1852 1228 1890 ihs

819 1911 857 1942 et
878 1905 966 1943 dicit
987 1906 1041 1944 eis
1062 1906 1229 1943 tulerunt

819 1959 912 1997 dom
933 1959 980 1997 de
999 1972 1216 1999 monumen

819 2020 859 2051 to
916 2020 953 2051 et
973 2015 1168 2054 nescimus
1187 2015 1252 2054 ubi

819 2076 1031 2118 posuerunt
1051 2081 1141 2107 eurn

821 2122 971 2161 ³Exiuit
989 2136 1082 2173 ergo
1104 2130 1234 2174 petrus

820 2183 857 2215 et
877 2176 937 2214 ille
958 2178 1054 2215 alius
1073 2178 1282 2229 discipulus

820 2237 858 2269 et
878 2232 1085 2271 ueniebant
1106 2232 1155 2270 ad
1175 2245 1242 2272 mo

820 2293 1050 2324 numentum
1106 2287 1119 2307 ⁴
1127 2299 1195 2325 cur

899 2350 921 2370 n

819 2384 927 2421 rebat
947 2390 1077 2422 autem
1097 2384 1169 2435 ipsi
1190 2385 1270 2423 duo

820 2437 933 2476 simul
989 2438 1050 2477 ille
1069 2446 1199 2477 autem

820 2493 917 2531 alius
937 2492 1146 2543 discipulus
1166 2506 1235 2545 pre

821 2547 987 2585 cucurrit
1006 2549 1115 2586 citius
1134 2561 1182 2598 pe

820 2607 880 2639 tro
925 2606 963 2639 et
983 2602 1088 2640 uenit
1107 2604 1213 2652 prior

821 2654 869 2691 ad
889 2664 1189 2694 monumentum

822 2708 880 2746 ⁵et
899 2721 988 2746 cum
1009 2721 1049 2747 se
1068 2710 1231 2749 inclinas

823 2769 881 2800 set
900 2768 937 2799 et
957 2764 1220 2813 prospexisset

823 2816 919 2854 uidit
939 2817 1163 2856 linteamina
1182 2830 1235 2867 po

822 2871 893 2908 sita
913 2883 994 2909 non
1014 2878 1146 2909 tamen
1166 2873 1205 2910 in

821 2926 950 2964 troiuit
1004 2926 1116 2964 ⁶uidit
1136 2938 1177 2964 er

821 2992 874 3030 go
895 2981 1020 3019 simon
1040 2987 1171 3031 petrus
1191 2993 1232 3019 se

1320 3115 1386 3142 G2

1161 1164 1327 1219 [sabbati

1742 217 2085 259 IOHANNEM
2375 237 2423 272 43

1389 307 1472 339 Fol.
1490 308 1550 338 85.

1392 351 1528 398 Quens
1549 362 1638 389 eum
1659 357 1696 389 et
1716 350 1831 389 introi

1390 406 1445 443 uit
1464 406 1503 443 in
1520 412 1820 443 monumentum

1389 467 1426 498 et
1445 460 1540 497 uidit
1560 460 1784 497 linteamina

1391 515 1517 564 posita
1536 513 1592 551 '‘et
1613 514 1809 552 sudarium

1390 569 1496 619 quod
1518 575 1596 606 erat
1617 581 1732 618 super
1753 580 1798 606 ca

1390 629 1458 673 put
1478 623 1559 660 eius
1580 635 1660 660 non
1682 635 1771 661 cum
1791 622 1843 660 lin

1391 678 1620 715 teaminibus
1640 684 1719 715 erat
1740 689 1793 726 po

1391 733 1504 770 situm
1525 732 1592 769 sed
1613 732 1820 781 separatim

1390 786 1608 824 inuolutum
1627 787 1665 823 in
1687 798 1809 823 unum

1391 840 1522 879 locum

1390 894 1526 933 8Tunc
1547 907 1640 944 ergo
1660 894 1830 933 introiuit
1853 902 1891 933 et

1390 950 1451 987 ille
1472 950 1567 987 alius
1587 949 1797 999 discipulus

1390 1004 1456 1053 qui
1475 1011 1633 1041 uenerat
1652 1004 1758 1053 prior

1391 1059 1440 1096 ad
1459 1064 1756 1096 monumentum

1390 1120 1427 1150 et
1446 1113 1541 1151 uidit
1561 1120 1598 1151 et
1619 1112 1780 1151 credidit

1391 1167 1491 1205 ⁹non
1512 1168 1614 1204 enim
1637 1168 1782 1205 sciebat

1392 1221 1622 1270 scripturam
1643 1223 1733 1270 quia
1753 1234 1854 1272 opor

1392 1282 1444 1313 tet
1464 1288 1554 1313 eum
1574 1288 1773 1325 resurgere

1391 1343 1413 1367 a
1433 1330 1595 1368 mortuis

1391 1384 1613 1422 1⁰Abierunt
1636 1397 1728 1434 ergo
1752 1385 1891 1423 iterum

1391 1445 1485 1488 aput
1507 1451 1546 1476 se
1568 1439 1745 1489 discipuli

1391 1493 1550 1531 ¹¹Maria
1570 1501 1698 1531 autem
1720 1495 1846 1532 stabat

1391 1547 1440 1585 ad
1460 1556 1757 1586 monumentum

1390 1602 1546 1652 plorans
1566 1609 1606 1640 ut
1627 1615 1722 1653 ergo
1742 1602 1809 1654 plo

1391 1689 1507 1727 Rauit
1526 1689 1725 1728 inclinauit

1389 1756 1429 1782 se
1467 1750 1504 1781 et
1524 1745 1720 1793 prospexit
1741 1744 1781 1782 in

1388 1806 1685 1837 monumentum
1705 1798 1776 1837 ¹2et

1746 1862 1767 1884 Ο

1389 1896 1494 1934 uidet
1514 1896 1611 1934 duos
1632 1897 1780 1947 angelis

1388 1951 1427 1988 in
1448 1951 1543 1988 albis
1566 1951 1743 1989 sedentes
1764 1963 1788 1988 u

1389 2018 1483 2042 num
1503 2005 1552 2043 ad
1572 2012 1688 2055 caput
1709 2013 1746 2044 et
1764 2011 1874 2043 unu-

1389 2060 1439 2098 ad
1459 2060 1579 2110 pedes
1599 2060 1664 2097 ubi
1684 2061 1833 2107 positus

1389 2121 1471 2152 erat
1491 2126 1630 2164 corpus
1649 2114 1715 2152 ihu

1389 2168 1528 2207 18Dicit
1547 2169 1582 2206 ei
1602 2169 1654 2206 illi
1674 2168 1814 2207 mulier

1390 2223 1484 2273 quid
1504 2223 1631 2272 ploras

1391 2277 1496 2315 Dicit
1515 2278 1569 2315 eis
1589 2278 1775 2328 quoniam
1795 2284 1837 2316 tu

1329 2373 1331 2375 ,
1390 2332 1513 2370 lerunt
1533 2332 1626 2370 dom
1646 2345 1779 2370 meum

1391 2394 1428 2424 et
1448 2387 1579 2425 nescio
1598 2388 1664 2425 ubi
1684 2399 1809 2437 posue

1391 2448 1479 2479 runt
1498 2453 1588 2479 eum

1391 2495 1537 2533 “Haec
1558 2508 1648 2534 cum
1670 2496 1826 2534 dixisset

1391 2562 1582 2588 conuersa
1601 2557 1658 2588 est
1677 2557 1798 2588 retror

1391 2616 1478 2641 sum
1534 2611 1572 2642 et
1591 2604 1696 2642 uidet
1717 2605 1797 2642 ihm

1389 2665 1557 2695 stantem

1390 2711 1442 2749 Et
1462 2723 1542 2749 non
1564 2712 1709 2750 sciebat
1729 2711 1819 2761 quia

1389 2766 1448 2803 ihs
1469 2772 1526 2803 est
1581 2766 1707 2804 ³⁵dicit
1728 2767 1762 2803 ei
1782 2766 1841 2804 ihs

1391 2819 1528 2857 mulier
1548 2820 1640 2869 quid
1661 2820 1790 2870 ploras

1391 2885 1627 2924 quemquem
1648 2875 1775 2924 queris

1391 2928 1461 2966 llla
1481 2928 1704 2967 existimans
1725 2929 1815 2979 quia

1391 2982 1588 3022 ortulanus
1606 2990 1663 3022 est
1683 2983 1774 3022 dicit

1923 350 1971 388 Ei
1992 351 2067 389 dfie
2135 351 2164 390 si
2185 358 2223 390 tu
2246 359 2354 391 sustu

1924 406 1998 444 listi
2019 419 2110 444 eum
2131 407 2191 445 dic
2212 408 2306 445 mihi

1923 461 1990 498 ubi
2010 462 2174 510 posuisti
2193 474 2282 500 eum
2303 468 2339 500 et

1923 528 1999 564 ego
2019 528 2109 553 eum
2130 516 2261 554 tollam

1924 569 2046 607 ¹⁰dicit
2065 570 2100 608 ei
2121 571 2178 608 ihs
2199 572 2322 609 maria

1925 631 1962 661 et
1982 636 2171 663 conuersa
2191 626 2253 662 illa
2273 626 2311 663 di

1926 679 1977 716 cit
1997 678 2196 717 hebreicae
2217 681 2286 717 rab

1925 733 2019 770 boni
2039 735 2143 782 quod
2164 734 2313 784 interpe

1925 793 2044 824 tratur
2065 788 2248 835 magister
2269 789 2343 827 dne

1925 840 2062 879 ¹⁷Dicit
2077 842 2110 879 ei
2124 842 2182 880 ihs
2196 844 2274 880 noli
2287 856 2348 881 me
2362 849 2427 882 ta-

1926 908 2016 945 gere
2037 897 2213 934 nondum
2236 898 2331 935 eni-

1927 951 2083 988 ascendi
2103 951 2154 989 ad
2174 957 2325 1001 patrem

1925 1017 2058 1043 meum

1925 1058 2039 1097 Uade
2060 1066 2189 1098 autern
2211 1060 2260 1098 ad
2280 1061 2336 1099 fra

1926 1120 2002 1151 tres
2022 1126 2132 1152 meos
2151 1121 2187 1152 et
2208 1116 2268 1154 dic
2288 1116 2315 1153 il

1926 1168 1971 1205 lis
1992 1169 2164 1207 ascendo
2185 1170 2234 1207 ad
2254 1182 2304 1220 pa

1927 1228 2024 1260 trem
2046 1235 2178 1260 meum
2199 1230 2234 1261 et
2255 1224 2305 1262 ad

1926 1284 2077 1326 patrem
2098 1285 2271 1316 uestrum

1927 1330 1995 1368 olm
2016 1344 2148 1369 meum
2169 1339 2206 1370 et
2225 1332 2295 1370 dm

1927 1392 2098 1423 uestrum

1927 1439 2080 1478 1⁸Uenit
2100 1441 2222 1479 maria
2241 1453 2334 1492 mag

1928 1494 2087 1533 dalenae
2108 1496 2269 1534 adnunti

1928 1562 1999 1587 ans
2019 1549 2213 1600 discipulis
2234 1551 2324 1601 quia

1927 1604 2023 1641 uidit
2043 1605 2134 1642 dom
2156 1612 2193 1643 et
2213 1605 2306 1644 haec

1927 1691 2034 1729 Dixit
2054 1691 2148 1729 mihi

1925 1745 2061 1784 ¹⁹Cum
2082 1759 2176 1796 ergo
2197 1759 2282 1786 sero
2302 1754 2401 1786 esset

2071 1810 2082 1830 1

1926 1849 1963 1881 et
1982 1843 2043 1881 die
2064 1844 2142 1882 ullo
2162 1856 2242 1882 uno
2263 1846 2332 1883 sab

1925 1899 2105 1935 batorum
2127 1905 2163 1937 et
2181 1899 2319 1938 ianuae

1926 1959 2054 1990 essent
2074 1953 2203 1991 clusae
2224 1954 2290 1991 ubi
2310 1966 2332 1991 e

1926 2014 2012 2044 rant
2033 2007 2209 2057 discipuli
2230 2009 2350 2047 collec

1926 2061 1953 2098 ti
1974 2069 2131 2111 propter
2151 2069 2299 2100 metum

1926 2116 2128 2154 iudeorum
2166 2118 2270 2155 uenit

1926 2170 1986 2208 ihs
2006 2177 2042 2208 et
2063 2171 2162 2209 stetit
2181 2171 2221 2208 in
2241 2171 2371 2211 medio

1925 2232 1962 2263 et
1983 2225 2033 2263 ait
2052 2225 2106 2263 eis

1925 2280 2007 2317 Pax
2020 2280 2131 2318 uobis
2144 2279 2215 2319 ²⁰et
2228 2292 2316 2318 cum
2332 2279 2427 2320 haec

1926 2334 2084 2372 dixisset
2103 2336 2267 2372 ostendit
2289 2335 2342 2373 eis

1926 2400 2066 2426 manus
2086 2396 2123 2426 et
2144 2389 2241 2427 latus
2261 2395 2298 2426 et
2318 2401 2370 2439 ga

1927 2443 1999 2480 uisi
2020 2449 2106 2481 sunt
2127 2442 2303 2493 discipuli

1925 2498 2012 2534 uiso
2033 2496 2126 2535 dffio
2237 2498 2239 2501 ’

1925 2551 1952 2572 ²1
1960 2551 2068 2588 Dixit
2087 2563 2180 2601 ergo
2199 2551 2254 2589 eis
2274 2551 2333 2590 ihs
2352 2552 2404 2591 ite

1925 2617 2010 2642 rum
2030 2617 2106 2655 pax
2127 2605 2239 2643 uobis

1925 2660 2023 2697 sicut
2043 2660 2145 2696 misit
2166 2672 2227 2698 me
2247 2667 2354 2710 pater

1925 2719 1961 2750 et
1981 2725 2055 2762 ego
2075 2714 2185 2752 mitto
2205 2726 2277 2752 uos

1925 2766 2075 2806 22Haec
2097 2781 2185 2806 cum
2206 2768 2363 2807 dixisset

1925 2821 2118 2860 insuflabit
2137 2829 2174 2860 et
2195 2824 2245 2861 ait
2265 2823 2336 2861 illis

1926 2876 2089 2926 adcipite
2110 2881 2196 2927 ssim
2219 2883 2288 2915 sfic

1925 2929 2127 2982 ²³quorum
2147 2932 2318 2970 remiseri

1925 2985 1958 3024 is
1978 2993 2139 3036 peccata
2159 2987 2340 3024 remitte-

2021 3065 2085 3090 one
2104 3053 2191 3103 leaf
2198 3053 2231 3089 is
2251 3053 2328 3089 lost.
