<?xml version="1.0" encoding="UTF-8"?>
<!DOCTYPE html PUBLIC "-//W3C//DTD XHTML 1.0 Transitional//EN"
    "http://www.w3.org/TR/xhtml1/DTD/xhtml1-transitional.dtd">
<html xmlns="http://www.w3.org/1999/xhtml" xml:lang="en" lang="en">
 <head>
  <title>
</title>
<meta http-equiv="Content-Type" content="text/html;charset=utf-8" />
  <meta name='ocr-system' content='tesseract 3.04.00' />
  <meta name='ocr-capabilities' content='ocr_page ocr_carea ocr_par ocr_line ocrx_word'/>
</head>
<body>
  <div class='ocr_page' id='page_1' title='image "./fourgospelsfromc00bibluoft_0062.png"; bbox 0 0 2820 3334; ppageno 0'>
   <div class='ocr_carea' id='block_1_1' title="bbox 428 213 478 259">
    <p class='ocr_par' dir='ltr' id='par_1_1' title="bbox 428 213 478 259">
     <span class='ocr_line' id='line_1_1' title="bbox 428 213 478 259; baseline 0 -9"><span class='ocrx_word' id='word_1_1' title='bbox 428 213 478 259; x_wconf 89' lang='lat'>46</span> 
     </span>
    </p>
   </div>
   <div class='ocr_carea' id='block_1_2' title="bbox 421 300 932 1682">
    <p class='ocr_par' dir='ltr' id='par_1_2' title="bbox 421 300 932 1682">
     <span class='ocr_line' id='line_1_2' title="bbox 425 300 589 331; baseline -0.006 0"><span class='ocrx_word' id='word_1_2' title='bbox 425 300 509 331; x_wconf 71' lang='lat'><strong>1⁸01.</strong></span> <span class='ocrx_word' id='word_1_3' title='bbox 528 301 589 331; x_wconf 86' lang='grc'>89.</span> 
     </span>
     <span class='ocr_line' id='line_1_3' title="bbox 424 343 880 392; baseline -0.002 -12"><span class='ocrx_word' id='word_1_4' title='bbox 424 353 492 381; x_wconf 78' lang='lat' dir='ltr'>LLI</span> <span class='ocrx_word' id='word_1_5' title='bbox 508 343 574 382; x_wconf 82' lang='lat' dir='ltr'>Sic</span> <span class='ocrx_word' id='word_1_6' title='bbox 590 343 710 381; x_wconf 84' lang='lat' dir='ltr'>ueniet</span> <span class='ocrx_word' id='word_1_7' title='bbox 726 354 880 392; x_wconf 80' lang='lat' dir='ltr'>regnum</span> 
     </span>
     <span class='ocr_line' id='line_1_4' title="bbox 423 397 887 436; baseline -0.004 0"><span class='ocrx_word' id='word_1_8' title='bbox 423 398 464 436; x_wconf 78' lang='lat' dir='ltr'>di</span> <span class='ocrx_word' id='word_1_9' title='bbox 484 398 583 436; x_wconf 87' lang='lat' dir='ltr'>sicut</span> <span class='ocrx_word' id='word_1_10' title='bbox 603 397 672 435; x_wconf 89' lang='lat' dir='ltr'>suit</span> <span class='ocrx_word' id='word_1_11' title='bbox 691 398 731 435; x_wconf 90' lang='lat' dir='ltr'>in</span> <span class='ocrx_word' id='word_1_12' title='bbox 751 397 887 435; x_wconf 90' lang='lat' dir='ltr'>diebus</span> 
     </span>
     <span class='ocr_line' id='line_1_5' title="bbox 424 451 863 490; baseline -0.005 0"><span class='ocrx_word' id='word_1_13' title='bbox 424 464 502 490; x_wconf 89' lang='lat' dir='ltr'>noe</span> <span class='ocrx_word' id='word_1_14' title='bbox 522 458 559 490; x_wconf 90' lang='lat' dir='ltr'>et</span> <span class='ocrx_word' id='word_1_15' title='bbox 578 452 643 489; x_wconf 90' lang='lat' dir='ltr'>ubi</span> <span class='ocrx_word' id='word_1_16' title='bbox 665 451 774 489; x_wconf 87' lang='lat' dir='ltr'>fuerit</span> <span class='ocrx_word' id='word_1_17' title='bbox 794 462 863 489; x_wconf 91' lang='lat' dir='ltr'>eor</span> 
     </span>
     <span class='ocr_line' id='line_1_6' title="bbox 424 505 825 556; baseline -0.005 -12"><span class='ocrx_word' id='word_1_18' title='bbox 424 518 500 556; x_wconf 90' lang='lat' dir='ltr'>pus</span> <span class='ocrx_word' id='word_1_19' title='bbox 519 506 679 543; x_wconf 87' lang='lat' dir='ltr'>ueniunt</span> <span class='ocrx_word' id='word_1_20' title='bbox 698 505 825 555; x_wconf 90' lang='lat' dir='ltr'><strong>aquile</strong></span> 
     </span>
     <span class='ocr_line' id='line_1_7' title="bbox 423 558 926 608; baseline -0.002 -12"><span class='ocrx_word' id='word_1_21' title='bbox 423 570 509 596; x_wconf 74' lang='lat' dir='ltr'><strong><em>LUII</em></strong></span> <span class='ocrx_word' id='word_1_22' title='bbox 520 559 582 597; x_wconf 88' lang='lat' dir='ltr'>De</span> <span class='ocrx_word' id='word_1_23' title='bbox 595 560 748 596; x_wconf 87' lang='lat' dir='ltr'>iudicem</span> <span class='ocrx_word' id='word_1_24' title='bbox 765 558 926 608; x_wconf 78' lang='lat' dir='ltr'><em>iniquita</em></span> 
     </span>
     <span class='ocr_line' id='line_1_8' title="bbox 423 612 848 652; baseline -0.005 0"><span class='ocrx_word' id='word_1_25' title='bbox 423 615 472 652; x_wconf 90' lang='lat' dir='ltr'>tis</span> <span class='ocrx_word' id='word_1_26' title='bbox 492 620 530 652; x_wconf 91' lang='lat' dir='ltr'>et</span> <span class='ocrx_word' id='word_1_27' title='bbox 549 626 638 652; x_wconf 90' lang='lat' dir='ltr'>cum</span> <span class='ocrx_word' id='word_1_28' title='bbox 657 613 804 652; x_wconf 87' lang='lat' dir='ltr'>uenerit</span> <span class='ocrx_word' id='word_1_29' title='bbox 823 612 848 650; x_wconf 89' lang='lat' dir='ltr'>fi</span> 
     </span>
     <span class='ocr_line' id='line_1_9' title="bbox 422 667 873 718; baseline -0.002 -12"><span class='ocrx_word' id='word_1_30' title='bbox 422 668 495 706; x_wconf 89' lang='lat' dir='ltr'>lius</span> <span class='ocrx_word' id='word_1_31' title='bbox 514 667 682 706; x_wconf 90' lang='lat' dir='ltr'>hominis</span> <span class='ocrx_word' id='word_1_32' title='bbox 700 674 813 718; x_wconf 87' lang='lat' dir='ltr'>putas</span> <span class='ocrx_word' id='word_1_33' title='bbox 831 667 873 705; x_wconf 91' lang='lat' dir='ltr'>in</span> 
     </span>
     <span class='ocr_line' id='line_1_10' title="bbox 423 721 690 760; baseline -0.007 0"><span class='ocrx_word' id='word_1_34' title='bbox 423 722 554 760; x_wconf 90' lang='lat' dir='ltr'>ueniet</span> <span class='ocrx_word' id='word_1_35' title='bbox 573 721 690 759; x_wconf 90' lang='lat' dir='ltr'>fidem</span> 
     </span>
     <span class='ocr_line' id='line_1_11' title="bbox 421 775 927 814; baseline 0.002 -2"><span class='ocrx_word' id='word_1_36' title='bbox 421 786 526 814; x_wconf 80' lang='lat' dir='ltr'><strong><em>LUIII</em></strong></span> <span class='ocrx_word' id='word_1_37' title='bbox 540 775 630 814; x_wconf 86' lang='lat' dir='ltr'>Duo</span> <span class='ocrx_word' id='word_1_38' title='bbox 644 776 803 814; x_wconf 80' lang='lat' dir='ltr'>homines</span> <span class='ocrx_word' id='word_1_39' title='bbox 821 787 927 813; x_wconf 87' lang='lat' dir='ltr'>ascen</span> 
     </span>
     <span class='ocr_line' id='line_1_12' title="bbox 422 830 853 868; baseline -0.002 0"><span class='ocrx_word' id='word_1_40' title='bbox 422 830 562 868; x_wconf 88' lang='lat' dir='ltr'>derunt</span> <span class='ocrx_word' id='word_1_41' title='bbox 583 843 694 868; x_wconf 89' lang='lat' dir='ltr'>orare</span> <span class='ocrx_word' id='word_1_42' title='bbox 714 831 754 867; x_wconf 94' lang='lat' dir='ltr'>in</span> <span class='ocrx_word' id='word_1_43' title='bbox 774 837 853 867; x_wconf 89' lang='lat' dir='ltr'>tem</span> 
     </span>
     <span class='ocr_line' id='line_1_13' title="bbox 422 884 835 935; baseline -0.002 -13"><span class='ocrx_word' id='word_1_44' title='bbox 422 885 490 935; x_wconf 92' lang='lat' dir='ltr'>plo</span> <span class='ocrx_word' id='word_1_45' title='bbox 508 891 546 923; x_wconf 90' lang='lat' dir='ltr'>et</span> <span class='ocrx_word' id='word_1_46' title='bbox 565 884 835 935; x_wconf 87' lang='lat' dir='ltr'>adcipiendum</span> 
     </span>
     <span class='ocr_line' id='line_1_14' title="bbox 423 939 880 988; baseline 0 -12"><span class='ocrx_word' id='word_1_47' title='bbox 423 951 586 988; x_wconf 88' lang='lat' dir='ltr'>regnum</span> <span class='ocrx_word' id='word_1_48' title='bbox 607 939 647 976; x_wconf 80' lang='lat' dir='ltr'>di</span> <span class='ocrx_word' id='word_1_49' title='bbox 668 939 765 977; x_wconf 91' lang='lat' dir='ltr'>sicut</span> <span class='ocrx_word' id='word_1_50' title='bbox 785 950 880 988; x_wconf 87' lang='lat' dir='ltr'>puer</span> 
     </span>
     <span class='ocr_line' id='line_1_15' title="bbox 421 991 926 1031; baseline -0.002 -1"><span class='ocrx_word' id='word_1_51' title='bbox 421 1002 543 1030; x_wconf 80' lang='lat' dir='ltr'><strong><em>LUIIII</em></strong></span> <span class='ocrx_word' id='word_1_52' title='bbox 552 992 725 1031; x_wconf 82' lang='lat' dir='ltr'><em>Facilius</em></span> <span class='ocrx_word' id='word_1_53' title='bbox 736 996 790 1030; x_wconf 83' lang='lat' dir='ltr'>est</span> <span class='ocrx_word' id='word_1_54' title='bbox 799 991 926 1029; x_wconf 86' lang='lat' dir='ltr'>camel-</span> 
     </span>
     <span class='ocr_line' id='line_1_16' title="bbox 423 1043 925 1099; baseline -0.006 -13"><span class='ocrx_word' id='word_1_55' title='bbox 423 1061 493 1098; x_wconf 90' lang='lat' dir='ltr'>per</span> <span class='ocrx_word' id='word_1_56' title='bbox 512 1047 687 1085; x_wconf 89' lang='lat' dir='ltr'>foramen</span> <span class='ocrx_word' id='word_1_57' title='bbox 706 1058 798 1084; x_wconf 91' lang='lat' dir='ltr'>acus</span> <span class='ocrx_word' id='word_1_58' title='bbox 827 1043 925 1099; x_wconf 87' lang='lat' dir='ltr'>[lum</span> 
     </span>
     <span class='ocr_line' id='line_1_17' title="bbox 425 1110 586 1140; baseline -0.012 0"><span class='ocrx_word' id='word_1_59' title='bbox 425 1110 586 1140; x_wconf 82' lang='lat' dir='ltr'>transire</span> 
     </span>
     <span class='ocr_line' id='line_1_18' title="bbox 423 1155 908 1205; baseline -0.002 -13"><span class='ocrx_word' id='word_1_60' title='bbox 423 1166 476 1192; x_wconf 88' lang='lat' dir='ltr'>LX</span> <span class='ocrx_word' id='word_1_61' title='bbox 490 1156 704 1194; x_wconf 79' lang='lat' dir='ltr'><em>Aduentum</em></span> <span class='ocrx_word' id='word_1_62' title='bbox 718 1155 908 1205; x_wconf 69' lang='lat' dir='ltr'>passionis</span> 
     </span>
     <span class='ocr_line' id='line_1_19' title="bbox 424 1210 858 1249; baseline -0.005 -1"><span class='ocrx_word' id='word_1_63' title='bbox 424 1210 515 1249; x_wconf 91' lang='lat' dir='ltr'>dicit</span> <span class='ocrx_word' id='word_1_64' title='bbox 533 1215 572 1248; x_wconf 92' lang='lat' dir='ltr'>et</span> <span class='ocrx_word' id='word_1_65' title='bbox 590 1221 725 1248; x_wconf 91' lang='lat' dir='ltr'>cecum</span> <span class='ocrx_word' id='word_1_66' title='bbox 746 1220 858 1247; x_wconf 88' lang='lat' dir='ltr'>secus</span> 
     </span>
     <span class='ocr_line' id='line_1_20' title="bbox 422 1263 850 1303; baseline -0.005 -1"><span class='ocrx_word' id='word_1_67' title='bbox 422 1264 528 1302; x_wconf 89' lang='lat' dir='ltr'>uiam</span> <span class='ocrx_word' id='word_1_68' title='bbox 549 1263 748 1303; x_wconf 81' lang='lat' dir='ltr'>sedentem</span> <span class='ocrx_word' id='word_1_69' title='bbox 768 1263 850 1300; x_wconf 91' lang='lat' dir='ltr'>inlu</span> 
     </span>
     <span class='ocr_line' id='line_1_21' title="bbox 422 1318 583 1356; baseline 0 0"><span class='ocrx_word' id='word_1_70' title='bbox 422 1318 583 1356; x_wconf 90' lang='lat' dir='ltr'>minauit</span> 
     </span>
     <span class='ocr_line' id='line_1_22' title="bbox 422 1371 928 1421; baseline -0.004 -11"><span class='ocrx_word' id='word_1_71' title='bbox 422 1383 493 1410; x_wconf 99' lang='lat' dir='ltr'>LXI</span> <span class='ocrx_word' id='word_1_72' title='bbox 509 1372 570 1410; x_wconf 88' lang='lat' dir='ltr'>De</span> <span class='ocrx_word' id='word_1_73' title='bbox 588 1384 711 1411; x_wconf 85' lang='lat' dir='ltr'>zacceo</span> <span class='ocrx_word' id='word_1_74' title='bbox 726 1371 928 1421; x_wconf 79' lang='lat' dir='ltr'>publicano</span> 
     </span>
     <span class='ocr_line' id='line_1_23' title="bbox 424 1426 817 1466; baseline -0.008 0"><span class='ocrx_word' id='word_1_75' title='bbox 424 1434 525 1466; x_wconf 88' lang='lat' dir='ltr'>statu</span> <span class='ocrx_word' id='word_1_76' title='bbox 545 1426 817 1464; x_wconf 90' lang='lat' dir='ltr'>minimissimo</span> 
     </span>
     <span class='ocr_line' id='line_1_24' title="bbox 423 1479 930 1519; baseline -0.004 0"><span class='ocrx_word' id='word_1_77' title='bbox 423 1491 514 1519; x_wconf 90' lang='lat' dir='ltr'><strong><em>LXII</em></strong></span> <span class='ocrx_word' id='word_1_78' title='bbox 548 1480 672 1519; x_wconf 86' lang='lat' dir='ltr'><em>Homo</em></span> <span class='ocrx_word' id='word_1_79' title='bbox 705 1481 804 1518; x_wconf 84' lang='lat' dir='ltr'>diuis</span> <span class='ocrx_word' id='word_1_80' title='bbox 835 1479 930 1518; x_wconf 82' lang='lat' dir='ltr'>abiz&#39;t</span> 
     </span>
     <span class='ocr_line' id='line_1_25' title="bbox 828 1532 932 1588; baseline 0 -16"><span class='ocrx_word' id='word_1_81' title='bbox 828 1532 932 1588; x_wconf 81' lang='lat' dir='ltr'>[acci</span> 
     </span>
     <span class='ocr_line' id='line_1_26' title="bbox 424 1588 825 1640; baseline -0.002 -12"><span class='ocrx_word' id='word_1_82' title='bbox 424 1602 516 1640; x_wconf 90' lang='lat' dir='ltr'>pere</span> <span class='ocrx_word' id='word_1_83' title='bbox 536 1601 701 1638; x_wconf 90' lang='lat' dir='ltr'>regnum</span> <span class='ocrx_word' id='word_1_84' title='bbox 721 1595 758 1628; x_wconf 92' lang='lat' dir='ltr'>et</span> <span class='ocrx_word' id='word_1_85' title='bbox 777 1588 825 1627; x_wconf 91' lang='lat' dir='ltr'>de</span> 
     </span>
     <span class='ocr_line' id='line_1_27' title="bbox 424 1644 898 1682; baseline -0.004 0"><span class='ocrx_word' id='word_1_86' title='bbox 424 1644 480 1682; x_wconf 93' lang='lat' dir='ltr'>dit</span> <span class='ocrx_word' id='word_1_87' title='bbox 499 1644 620 1682; x_wconf 86' lang='lat' dir='ltr'>seruis</span> <span class='ocrx_word' id='word_1_88' title='bbox 641 1645 720 1682; x_wconf 91' lang='lat' dir='ltr'>suis</span> <span class='ocrx_word' id='word_1_89' title='bbox 739 1656 764 1681; x_wconf 89' lang='lat' dir='ltr'>x</span> <span class='ocrx_word' id='word_1_90' title='bbox 784 1654 898 1681; x_wconf 90' lang='lat' dir='ltr'>mnas</span> 
     </span>
    </p>
   </div>
   <div class='ocr_carea' id='block_1_3' title="bbox 424 1729 941 3070">
    <p class='ocr_par' dir='ltr' id='par_1_3' title="bbox 424 1729 930 1838">
     <span class='ocr_line' id='line_1_28' title="bbox 424 1729 930 1769; baseline -0.002 0"><span class='ocrx_word' id='word_1_91' title='bbox 424 1740 532 1769; x_wconf 89' lang='lat' dir='ltr'><strong><em>LXIII</em></strong></span> <span class='ocrx_word' id='word_1_92' title='bbox 578 1729 640 1768; x_wconf 89' lang='lat' dir='ltr'>De</span> <span class='ocrx_word' id='word_1_93' title='bbox 690 1731 840 1769; x_wconf 87' lang='lat' dir='ltr'>asinam</span> <span class='ocrx_word' id='word_1_94' title='bbox 895 1734 930 1768; x_wconf 86' lang='lat' dir='ltr'>et</span> 
     </span>
     <span class='ocr_line' id='line_1_29' title="bbox 762 1782 926 1838; baseline 0 -16"><span class='ocrx_word' id='word_1_95' title='bbox 762 1782 926 1838; x_wconf 67' lang='lat' dir='ltr'><em>[pullu-</em></span> 
     </span>
    </p>

    <p class='ocr_par' dir='ltr' id='par_1_4' title="bbox 425 1838 851 1879">
     <span class='ocr_line' id='line_1_30' title="bbox 425 1838 851 1879; baseline -0.007 0"><span class='ocrx_word' id='word_1_96' title='bbox 425 1840 519 1879; x_wconf 87' lang='lat' dir='ltr'>dixit</span> <span class='ocrx_word' id='word_1_97' title='bbox 538 1839 597 1878; x_wconf 81' lang='lat' dir='ltr'>ihs</span> <span class='ocrx_word' id='word_1_98' title='bbox 616 1839 648 1878; x_wconf 89' lang='lat' dir='ltr'>si</span> <span class='ocrx_word' id='word_1_99' title='bbox 666 1838 719 1876; x_wconf 90' lang='lat' dir='ltr'>hii</span> <span class='ocrx_word' id='word_1_100' title='bbox 738 1845 851 1877; x_wconf 88' lang='lat' dir='ltr'>taeue</span> 
     </span>
    </p>

    <p class='ocr_par' dir='ltr' id='par_1_5' title="bbox 426 1893 871 1944">
     <span class='ocr_line' id='line_1_31' title="bbox 426 1893 871 1944; baseline -0.004 -11"><span class='ocrx_word' id='word_1_101' title='bbox 426 1896 474 1933; x_wconf 90' lang='lat' dir='ltr'>rit</span> <span class='ocrx_word' id='word_1_102' title='bbox 493 1893 642 1944; x_wconf 89' lang='lat' dir='ltr'>lapides</span> <span class='ocrx_word' id='word_1_103' title='bbox 661 1893 871 1932; x_wconf 74' lang='lat' dir='ltr'>clamabu“&#39;</span> 
     </span>
    </p>

    <p class='ocr_par' dir='ltr' id='par_1_6' title="bbox 429 1948 856 1998">
     <span class='ocr_line' id='line_1_32' title="bbox 429 1948 856 1998; baseline -0.005 -11"><span class='ocrx_word' id='word_1_104' title='bbox 429 1957 467 1987; x_wconf 92' lang='lat' dir='ltr'>et</span> <span class='ocrx_word' id='word_1_105' title='bbox 486 1948 592 1987; x_wconf 89' lang='lat' dir='ltr'>fleuit</span> <span class='ocrx_word' id='word_1_106' title='bbox 612 1960 728 1998; x_wconf 90' lang='lat' dir='ltr'>super</span> <span class='ocrx_word' id='word_1_107' title='bbox 746 1948 856 1986; x_wconf 88' lang='lat' dir='ltr'>iheru</span> 
     </span>
    </p>

    <p class='ocr_par' dir='ltr' id='par_1_7' title="bbox 429 2001 842 2052">
     <span class='ocr_line' id='line_1_33' title="bbox 429 2001 842 2052; baseline -0.005 -11"><span class='ocrx_word' id='word_1_108' title='bbox 429 2003 550 2042; x_wconf 89' lang='lat' dir='ltr'>salem</span> <span class='ocrx_word' id='word_1_109' title='bbox 570 2008 608 2041; x_wconf 90' lang='lat' dir='ltr'>et</span> <span class='ocrx_word' id='word_1_110' title='bbox 627 2002 676 2040; x_wconf 92' lang='lat' dir='ltr'>de</span> <span class='ocrx_word' id='word_1_111' title='bbox 695 2001 842 2052; x_wconf 89' lang='lat' dir='ltr'>templo</span> 
     </span>
    </p>

    <p class='ocr_par' dir='ltr' id='par_1_8' title="bbox 425 2056 743 2095">
     <span class='ocr_line' id='line_1_34' title="bbox 425 2056 743 2095; baseline -0.003 0"><span class='ocrx_word' id='word_1_112' title='bbox 425 2057 512 2095; x_wconf 88' lang='lat' dir='ltr'>eicit</span> <span class='ocrx_word' id='word_1_113' title='bbox 531 2056 743 2094; x_wconf 86' lang='lat' dir='ltr'>uendentes</span> 
     </span>
    </p>

    <p class='ocr_par' dir='ltr' id='par_1_9' title="bbox 426 2108 932 2159">
     <span class='ocr_line' id='line_1_35' title="bbox 426 2108 932 2159; baseline -0.002 -11"><span class='ocrx_word' id='word_1_114' title='bbox 426 2120 552 2148; x_wconf 75' lang='lat' dir='ltr'><strong><em>LXIII!</em></strong></span> <span class='ocrx_word' id='word_1_115' title='bbox 559 2108 932 2159; x_wconf 64' lang='lat' dir='ltr'>Etinterrogauitffis</span> 
     </span>
    </p>

    <p class='ocr_par' dir='ltr' id='par_1_10' title="bbox 430 2164 800 2216">
     <span class='ocr_line' id='line_1_36' title="bbox 430 2164 800 2216; baseline -0.005 -13"><span class='ocrx_word' id='word_1_116' title='bbox 430 2165 668 2216; x_wconf 88' lang='lat' dir='ltr'>baptismum</span> <span class='ocrx_word' id='word_1_117' title='bbox 683 2164 800 2203; x_wconf 91' lang='lat' dir='ltr'>iohan</span> 
     </span>
    </p>

    <p class='ocr_par' dir='ltr' id='par_1_11' title="bbox 428 2217 712 2257">
     <span class='ocr_line' id='line_1_37' title="bbox 428 2217 712 2257; baseline -0.007 0"><span class='ocrx_word' id='word_1_118' title='bbox 428 2220 488 2257; x_wconf 92' lang='lat' dir='ltr'>nis</span> <span class='ocrx_word' id='word_1_119' title='bbox 510 2217 612 2256; x_wconf 90' lang='lat' dir='ltr'>unde</span> <span class='ocrx_word' id='word_1_120' title='bbox 631 2224 712 2256; x_wconf 89' lang='lat' dir='ltr'>erat</span> 
     </span>
    </p>

    <p class='ocr_par' dir='ltr' id='par_1_12' title="bbox 428 2272 920 2311">
     <span class='ocr_line' id='line_1_38' title="bbox 428 2272 920 2311; baseline -0.002 -1"><span class='ocrx_word' id='word_1_121' title='bbox 428 2283 508 2311; x_wconf 81' lang='lat' dir='ltr'>LXU</span> <span class='ocrx_word' id='word_1_122' title='bbox 526 2272 596 2310; x_wconf 79' lang='lat' dir='ltr'>sz</span> <span class='ocrx_word' id='word_1_123' title='bbox 616 2273 827 2310; x_wconf 81' lang='lat' dir='ltr'>occiderunt</span> <span class='ocrx_word' id='word_1_124' title='bbox 839 2272 920 2310; x_wconf 75' lang='lat' dir='ltr'>dom</span> 
     </span>
    </p>

    <p class='ocr_par' dir='ltr' id='par_1_13' title="bbox 428 2326 824 2366">
     <span class='ocr_line' id='line_1_39' title="bbox 428 2326 824 2366; baseline -0.003 -1"><span class='ocrx_word' id='word_1_125' title='bbox 428 2328 567 2366; x_wconf 90' lang='lat' dir='ltr'>uineae</span> <span class='ocrx_word' id='word_1_126' title='bbox 587 2334 625 2364; x_wconf 89' lang='lat' dir='ltr'>et</span> <span class='ocrx_word' id='word_1_127' title='bbox 645 2326 711 2364; x_wconf 90' lang='lat' dir='ltr'>dat</span> <span class='ocrx_word' id='word_1_128' title='bbox 730 2327 824 2365; x_wconf 78' lang='lat' dir='ltr'>dom</span> 
     </span>
    </p>

    <p class='ocr_par' dir='ltr' id='par_1_14' title="bbox 428 2381 686 2420">
     <span class='ocr_line' id='line_1_40' title="bbox 428 2381 686 2420; baseline -0.004 0"><span class='ocrx_word' id='word_1_129' title='bbox 428 2383 584 2420; x_wconf 89' lang='lat' dir='ltr'>uineam</span> <span class='ocrx_word' id='word_1_130' title='bbox 603 2381 686 2419; x_wconf 89' lang='lat' dir='ltr'>aliis</span> 
     </span>
    </p>

    <p class='ocr_par' dir='ltr' id='par_1_15' title="bbox 429 2433 936 2485">
     <span class='ocr_line' id='line_1_41' title="bbox 429 2433 936 2485; baseline -0.006 -11"><span class='ocrx_word' id='word_1_131' title='bbox 429 2446 524 2474; x_wconf 82' lang='lat' dir='ltr'><strong><em>LXUI</em></strong></span> <span class='ocrx_word' id='word_1_132' title='bbox 539 2434 697 2473; x_wconf 84' lang='lat' dir='ltr'>Reddite</span> <span class='ocrx_word' id='word_1_133' title='bbox 710 2447 778 2485; x_wconf 89' lang='lat' dir='ltr'>que</span> <span class='ocrx_word' id='word_1_134' title='bbox 796 2433 936 2472; x_wconf 82' lang='lat' dir='ltr'>cesaris</span> 
     </span>
    </p>

    <p class='ocr_par' dir='ltr' id='par_1_16' title="bbox 432 2487 843 2540">
     <span class='ocr_line' id='line_1_42' title="bbox 432 2487 843 2540; baseline -0.007 -11"><span class='ocrx_word' id='word_1_135' title='bbox 432 2497 521 2529; x_wconf 90' lang='lat' dir='ltr'>sunt</span> <span class='ocrx_word' id='word_1_136' title='bbox 540 2490 688 2528; x_wconf 86' lang='lat' dir='ltr'>caesari</span> <span class='ocrx_word' id='word_1_137' title='bbox 707 2501 782 2540; x_wconf 91' lang='lat' dir='ltr'>que</span> <span class='ocrx_word' id='word_1_138' title='bbox 802 2487 843 2526; x_wconf 81' lang='lat' dir='ltr'>di</span> 
     </span>
    </p>

    <p class='ocr_par' dir='ltr' id='par_1_17' title="bbox 430 2542 593 2584">
     <span class='ocr_line' id='line_1_43' title="bbox 430 2542 593 2584; baseline -0.018 0"><span class='ocrx_word' id='word_1_139' title='bbox 430 2551 520 2584; x_wconf 90' lang='lat' dir='ltr'>sunt</span> <span class='ocrx_word' id='word_1_140' title='bbox 538 2542 593 2582; x_wconf 75' lang='lat' dir='ltr'>do</span> 
     </span>
    </p>

    <p class='ocr_par' dir='ltr' id='par_1_18' title="bbox 431 2597 930 2648">
     <span class='ocr_line' id='line_1_44' title="bbox 431 2597 930 2648; baseline -0.002 -13"><span class='ocrx_word' id='word_1_141' title='bbox 431 2609 544 2636; x_wconf 82' lang='lat' dir='ltr'><strong><em>LXoII</em></strong></span> <span class='ocrx_word' id='word_1_142' title='bbox 560 2598 621 2636; x_wconf 89' lang='lat' dir='ltr'>De</span> <span class='ocrx_word' id='word_1_143' title='bbox 638 2602 768 2648; x_wconf 84' lang='lat' dir='ltr'>septem</span> <span class='ocrx_word' id='word_1_144' title='bbox 771 2597 930 2648; x_wconf 82' lang='lat' dir='ltr'>fratres</span> 
     </span>
    </p>

    <p class='ocr_par' dir='ltr' id='par_1_19' title="bbox 432 2654 818 2704">
     <span class='ocr_line' id='line_1_45' title="bbox 432 2654 818 2704; baseline -0.003 -14"><span class='ocrx_word' id='word_1_145' title='bbox 432 2654 499 2704; x_wconf 88' lang='lat' dir='ltr'>qui</span> <span class='ocrx_word' id='word_1_146' title='bbox 519 2664 636 2691; x_wconf 89' lang='lat' dir='ltr'>unam</span> <span class='ocrx_word' id='word_1_147' title='bbox 655 2664 818 2691; x_wconf 88' lang='lat' dir='ltr'>uxorem</span> 
     </span>
    </p>

    <p class='ocr_par' dir='ltr' id='par_1_20' title="bbox 433 2705 851 2756">
     <span class='ocr_line' id='line_1_46' title="bbox 433 2705 851 2756; baseline -0.005 -11"><span class='ocrx_word' id='word_1_148' title='bbox 433 2708 651 2745; x_wconf 90' lang='lat' dir='ltr'>habuerunt</span> <span class='ocrx_word' id='word_1_149' title='bbox 670 2713 707 2744; x_wconf 90' lang='lat' dir='ltr'>et</span> <span class='ocrx_word' id='word_1_150' title='bbox 727 2709 800 2756; x_wconf 68' lang='lat' dir='ltr'>xps</span> <span class='ocrx_word' id='word_1_151' title='bbox 819 2705 851 2743; x_wconf 90' lang='lat' dir='ltr'>si</span> 
     </span>
    </p>

    <p class='ocr_par' dir='ltr' id='par_1_21' title="bbox 434 2759 843 2799">
     <span class='ocr_line' id='line_1_47' title="bbox 434 2759 843 2799; baseline 0 -1"><span class='ocrx_word' id='word_1_152' title='bbox 434 2761 534 2799; x_wconf 89' lang='lat' dir='ltr'>filius</span> <span class='ocrx_word' id='word_1_153' title='bbox 553 2760 593 2798; x_wconf 79' lang='lat' dir='ltr'>di</span> <span class='ocrx_word' id='word_1_154' title='bbox 613 2759 682 2797; x_wconf 86' lang='lat' dir='ltr'>fuit</span> <span class='ocrx_word' id='word_1_155' title='bbox 700 2761 843 2798; x_wconf 88' lang='lat' dir='ltr'>interro</span> 
     </span>
    </p>

    <p class='ocr_par' dir='ltr' id='par_1_22' title="bbox 434 2823 499 2866">
     <span class='ocr_line' id='line_1_48' title="bbox 434 2823 499 2866; baseline 0 -13"><span class='ocrx_word' id='word_1_156' title='bbox 434 2823 499 2866; x_wconf 88' lang='lat' dir='ltr'>gat</span> 
     </span>
    </p>

    <p class='ocr_par' dir='ltr' id='par_1_23' title="bbox 435 2866 941 2916">
     <span class='ocr_line' id='line_1_49' title="bbox 435 2866 941 2916; baseline -0.004 -9"><span class='ocrx_word' id='word_1_157' title='bbox 435 2866 627 2907; x_wconf 84' lang='lat' dir='ltr'><strong><em>LXUIIIEt</em></strong></span> <span class='ocrx_word' id='word_1_158' title='bbox 635 2867 829 2916; x_wconf 82' lang='lat' dir='ltr'>respiciens</span> <span class='ocrx_word' id='word_1_159' title='bbox 841 2867 941 2905; x_wconf 80' lang='lat' dir='ltr'>uidit</span> 
     </span>
    </p>

    <p class='ocr_par' dir='ltr' id='par_1_24' title="bbox 435 2922 804 2974">
     <span class='ocr_line' id='line_1_50' title="bbox 435 2922 804 2974; baseline -0.014 -11"><span class='ocrx_word' id='word_1_160' title='bbox 435 2935 536 2974; x_wconf 87' lang='lat' dir='ltr'>quae</span> <span class='ocrx_word' id='word_1_161' title='bbox 556 2922 804 2960; x_wconf 85' lang='lat' dir='ltr'>mittebantur</span> 
     </span>
    </p>

    <p class='ocr_par' dir='ltr' id='par_1_25' title="bbox 437 2975 717 3027">
     <span class='ocr_line' id='line_1_51' title="bbox 437 2975 717 3027; baseline -0.014 -11"><span class='ocrx_word' id='word_1_162' title='bbox 437 2979 478 3016; x_wconf 91' lang='lat' dir='ltr'>in</span> <span class='ocrx_word' id='word_1_163' title='bbox 497 2975 717 3027; x_wconf 88' lang='lat' dir='ltr'>gaiofilacio</span> 
     </span>
    </p>

    <p class='ocr_par' dir='ltr' id='par_1_26' title="bbox 436 3027 941 3070">
     <span class='ocr_line' id='line_1_52' title="bbox 436 3027 941 3070; baseline -0.006 0"><span class='ocrx_word' id='word_1_164' title='bbox 436 3029 762 3070; x_wconf 77' lang='lat' dir='ltr'><strong><em>LXUIIIIPonitein</em></strong></span> <span class='ocrx_word' id='word_1_165' title='bbox 769 3027 941 3067; x_wconf 82' lang='lat' dir='ltr'><em>cordibus</em></span> 
     </span>
    </p>
   </div>
   <div class='ocr_carea' id='block_1_4' title="bbox 661 207 1215 249">
    <p class='ocr_par' dir='ltr' id='par_1_27' title="bbox 661 207 1215 249">
     <span class='ocr_line' id='line_1_53' title="bbox 661 207 1215 249; baseline 0 -1"><span class='ocrx_word' id='word_1_166' title='bbox 661 207 1081 249; x_wconf 86' lang='lat' dir='ltr'><strong><em>EUANGELIUM</em></strong></span> <span class='ocrx_word' id='word_1_167' title='bbox 1100 208 1215 248; x_wconf 88' lang='lat' dir='ltr'>SEC</span> 
     </span>
    </p>
   </div>
   <div class='ocr_carea' id='block_1_5' title="bbox 959 341 1467 1681">
    <p class='ocr_par' dir='ltr' id='par_1_28' title="bbox 959 341 1467 1681">
     <span class='ocr_line' id='line_1_54' title="bbox 962 341 1346 390; baseline -0.003 -11"><span class='ocrx_word' id='word_1_168' title='bbox 962 341 1095 379; x_wconf 88' lang='lat' dir='ltr'>uestris</span> <span class='ocrx_word' id='word_1_169' title='bbox 1114 352 1195 378; x_wconf 91' lang='lat' dir='ltr'>non</span> <span class='ocrx_word' id='word_1_170' title='bbox 1215 351 1346 390; x_wconf 87' lang='lat' dir='ltr'>preme</span> 
     </span>
     <span class='ocr_line' id='line_1_55' title="bbox 962 393 1441 445; baseline -0.002 -12"><span class='ocrx_word' id='word_1_171' title='bbox 962 396 1073 433; x_wconf 89' lang='lat' dir='ltr'>ditari</span> <span class='ocrx_word' id='word_1_172' title='bbox 1095 395 1132 432; x_wconf 90' lang='lat' dir='ltr'>in</span> <span class='ocrx_word' id='word_1_173' title='bbox 1152 395 1216 433; x_wconf 87' lang='lat' dir='ltr'>illa</span> <span class='ocrx_word' id='word_1_174' title='bbox 1235 395 1330 433; x_wconf 87' lang='lat' dir='ltr'>hora</span> <span class='ocrx_word' id='word_1_175' title='bbox 1349 393 1441 445; x_wconf 90' lang='lat' dir='ltr'>quid</span> 
     </span>
     <span class='ocr_line' id='line_1_56' title="bbox 962 449 1174 499; baseline -0.009 -11"><span class='ocrx_word' id='word_1_176' title='bbox 962 449 1174 499; x_wconf 86' lang='lat' dir='ltr'>loquamini</span> 
     </span>
     <span class='ocr_line' id='line_1_57' title="bbox 960 502 1421 553; baseline 0.002 -13"><span class='ocrx_word' id='word_1_177' title='bbox 960 513 1042 540; x_wconf 89' lang='lat' dir='ltr'>LXX</span> <span class='ocrx_word' id='word_1_178' title='bbox 1059 503 1121 541; x_wconf 88' lang='lat' dir='ltr'>De</span> <span class='ocrx_word' id='word_1_179' title='bbox 1138 502 1305 541; x_wconf 85' lang='lat' dir='ltr'><em>arborem</em></span> <span class='ocrx_word' id='word_1_180' title='bbox 1314 503 1421 553; x_wconf 80' lang='lat' dir='ltr'>ficus</span> 
     </span>
     <span class='ocr_line' id='line_1_58' title="bbox 961 557 1372 596; baseline 0 -1"><span class='ocrx_word' id='word_1_181' title='bbox 961 558 1075 596; x_wconf 88' lang='lat' dir='ltr'>dicite</span> <span class='ocrx_word' id='word_1_182' title='bbox 1096 557 1372 596; x_wconf 69' lang='lat' dir='ltr'>similitudine-</span> 
     </span>
     <span class='ocr_line' id='line_1_59' title="bbox 961 611 1464 662; baseline -0.002 -13"><span class='ocrx_word' id='word_1_183' title='bbox 961 613 1052 662; x_wconf 88' lang='lat' dir='ltr'>quia</span> <span class='ocrx_word' id='word_1_184' title='bbox 1067 624 1189 662; x_wconf 85' lang='lat' dir='ltr'>prope</span> <span class='ocrx_word' id='word_1_185' title='bbox 1204 617 1262 649; x_wconf 92' lang='lat' dir='ltr'>est</span> <span class='ocrx_word' id='word_1_186' title='bbox 1281 611 1320 649; x_wconf 92' lang='lat' dir='ltr'>in</span> <span class='ocrx_word' id='word_1_187' title='bbox 1341 611 1464 649; x_wconf 90' lang='lat' dir='ltr'>ianuis</span> 
     </span>
     <span class='ocr_line' id='line_1_60' title="bbox 959 665 1465 704; baseline 0.002 -2"><span class='ocrx_word' id='word_1_188' title='bbox 959 676 1059 703; x_wconf 91' lang='lat' dir='ltr'><strong><em>LXXI</em></strong></span> <span class='ocrx_word' id='word_1_189' title='bbox 1074 665 1249 704; x_wconf 80' lang='lat' dir='ltr'>Intrauit</span> <span class='ocrx_word' id='word_1_190' title='bbox 1259 670 1414 704; x_wconf 83' lang='lat' dir='ltr'>satanas</span> <span class='ocrx_word' id='word_1_191' title='bbox 1426 667 1465 703; x_wconf 85' lang='lat' dir='ltr'>in</span> 
     </span>
     <span class='ocr_line' id='line_1_61' title="bbox 1382 717 1466 772; baseline 0 -15"><span class='ocrx_word' id='word_1_192' title='bbox 1382 717 1466 772; x_wconf 90' lang='lat' dir='ltr'>[cor</span> 
     </span>
     <span class='ocr_line' id='line_1_62' title="bbox 960 773 1421 813; baseline -0.002 -1"><span class='ocrx_word' id='word_1_193' title='bbox 960 774 1072 813; x_wconf 91' lang='lat' dir='ltr'>iudae</span> <span class='ocrx_word' id='word_1_194' title='bbox 1094 780 1136 812; x_wconf 92' lang='lat' dir='ltr'>ut</span> <span class='ocrx_word' id='word_1_195' title='bbox 1154 773 1321 812; x_wconf 88' lang='lat' dir='ltr'>traderet</span> <span class='ocrx_word' id='word_1_196' title='bbox 1340 774 1421 811; x_wconf 80' lang='lat' dir='ltr'>ihm</span> 
     </span>
     <span class='ocr_line' id='line_1_63' title="bbox 960 828 1465 866; baseline -0.002 0"><span class='ocrx_word' id='word_1_197' title='bbox 960 838 1078 866; x_wconf 88' lang='lat' dir='ltr'><strong><em>LXXII</em></strong></span> <span class='ocrx_word' id='word_1_198' title='bbox 1094 828 1151 866; x_wconf 82' lang='lat' dir='ltr'>Et</span> <span class='ocrx_word' id='word_1_199' title='bbox 1169 830 1274 866; x_wconf 79' lang='lat' dir='ltr'>misit</span> <span class='ocrx_word' id='word_1_200' title='bbox 1288 829 1370 866; x_wconf 63' lang='lat' dir='ltr'>dms</span> <span class='ocrx_word' id='word_1_201' title='bbox 1390 828 1465 865; x_wconf 88' lang='lat' dir='ltr'>dis-</span> 
     </span>
     <span class='ocr_line' id='line_1_64' title="bbox 961 879 1466 935; baseline -0.004 -14"><span class='ocrx_word' id='word_1_202' title='bbox 961 883 1019 921; x_wconf 92' lang='lat' dir='ltr'>los</span> <span class='ocrx_word' id='word_1_203' title='bbox 1038 890 1076 921; x_wconf 91' lang='lat' dir='ltr'>et</span> <span class='ocrx_word' id='word_1_204' title='bbox 1096 889 1329 932; x_wconf 86' lang='lat' dir='ltr'>parauerunt</span> <span class='ocrx_word' id='word_1_205' title='bbox 1363 879 1466 935; x_wconf 62' lang='grc' dir='ltr'>[σῷα</span> 
     </span>
     <span class='ocr_line' id='line_1_65' title="bbox 959 936 1375 988; baseline -0.002 -13"><span class='ocrx_word' id='word_1_206' title='bbox 959 937 1134 988; x_wconf 88' lang='lat' dir='ltr'>phascha</span> <span class='ocrx_word' id='word_1_207' title='bbox 1152 936 1247 974; x_wconf 87' lang='lat' dir='ltr'>dixit</span> <span class='ocrx_word' id='word_1_208' title='bbox 1266 948 1375 974; x_wconf 88' lang='lat' dir='ltr'>sacra</span> 
     </span>
     <span class='ocr_line' id='line_1_66' title="bbox 962 991 1329 1040; baseline -0.005 -11"><span class='ocrx_word' id='word_1_209' title='bbox 962 999 1134 1029; x_wconf 88' lang='lat' dir='ltr'>mentum</span> <span class='ocrx_word' id='word_1_210' title='bbox 1154 991 1329 1040; x_wconf 90' lang='lat' dir='ltr'>corporis</span> 
     </span>
     <span class='ocr_line' id='line_1_67' title="bbox 960 1040 1467 1097; baseline -0.006 -13"><span class='ocrx_word' id='word_1_211' title='bbox 960 1052 998 1084; x_wconf 87' lang='lat' dir='ltr'>et</span> <span class='ocrx_word' id='word_1_212' title='bbox 1018 1045 1216 1094; x_wconf 87' lang='lat' dir='ltr'>sanguinis</span> <span class='ocrx_word' id='word_1_213' title='bbox 1236 1044 1294 1082; x_wconf 92' lang='lat' dir='ltr'>sui</span> <span class='ocrx_word' id='word_1_214' title='bbox 1375 1040 1467 1097; x_wconf 84' lang='lat' dir='ltr'>[esse</span> 
     </span>
     <span class='ocr_line' id='line_1_68' title="bbox 960 1098 1467 1145; baseline 0 -9"><span class='ocrx_word' id='word_1_215' title='bbox 960 1109 1098 1136; x_wconf 77' lang='lat' dir='ltr'><strong><em>LXXIII</em></strong></span> <span class='ocrx_word' id='word_1_216' title='bbox 1119 1098 1199 1145; x_wconf 83' lang='lat' dir='ltr'>Qui</span> <span class='ocrx_word' id='word_1_217' title='bbox 1218 1100 1288 1136; x_wconf 88' lang='lat' dir='ltr'>uul</span> <span class='ocrx_word' id='word_1_218' title='bbox 1303 1099 1344 1136; x_wconf 91' lang='lat' dir='ltr'>in</span> <span class='ocrx_word' id='word_1_219' title='bbox 1363 1098 1467 1136; x_wconf 86' lang='lat' dir='ltr'>uobis</span> 
     </span>
     <span class='ocr_line' id='line_1_69' title="bbox 960 1153 1365 1191; baseline -0.002 0"><span class='ocrx_word' id='word_1_220' title='bbox 960 1154 1083 1191; x_wconf 88' lang='lat' dir='ltr'>maior</span> <span class='ocrx_word' id='word_1_221' title='bbox 1102 1154 1171 1191; x_wconf 90' lang='lat' dir='ltr'>erit</span> <span class='ocrx_word' id='word_1_222' title='bbox 1190 1153 1365 1190; x_wconf 87' lang='lat' dir='ltr'>minister</span> 
     </span>
     <span class='ocr_line' id='line_1_70' title="bbox 959 1206 1467 1254; baseline 0 -10"><span class='ocrx_word' id='word_1_223' title='bbox 959 1217 1114 1245; x_wconf 88' lang='lat' dir='ltr'><strong><em>LXXIIII</em></strong></span> <span class='ocrx_word' id='word_1_224' title='bbox 1134 1206 1213 1254; x_wconf 85' lang='lat' dir='ltr'>Qui</span> <span class='ocrx_word' id='word_1_225' title='bbox 1230 1207 1337 1245; x_wconf 80' lang='lat' dir='ltr'>habet</span> <span class='ocrx_word' id='word_1_226' title='bbox 1354 1206 1467 1245; x_wconf 82' lang='lat' dir='ltr'>sacel-</span> 
     </span>
     <span class='ocr_line' id='line_1_71' title="bbox 961 1258 1464 1314; baseline -0.002 -14"><span class='ocrx_word' id='word_1_227' title='bbox 961 1263 1070 1300; x_wconf 89' lang='lat' dir='ltr'>tollat</span> <span class='ocrx_word' id='word_1_228' title='bbox 1089 1270 1126 1300; x_wconf 90' lang='lat' dir='ltr'>et</span> <span class='ocrx_word' id='word_1_229' title='bbox 1144 1274 1279 1312; x_wconf 89' lang='lat' dir='ltr'>peram</span> <span class='ocrx_word' id='word_1_230' title='bbox 1299 1268 1336 1299; x_wconf 93' lang='lat' dir='ltr'>et</span> <span class='ocrx_word' id='word_1_231' title='bbox 1368 1258 1464 1314; x_wconf 90' lang='lat' dir='ltr'>[lum</span> 
     </span>
     <span class='ocr_line' id='line_1_72' title="bbox 963 1316 1361 1367; baseline -0.005 -13"><span class='ocrx_word' id='word_1_232' title='bbox 963 1317 1029 1367; x_wconf 91' lang='lat' dir='ltr'>qui</span> <span class='ocrx_word' id='word_1_233' title='bbox 1049 1328 1130 1354; x_wconf 91' lang='lat' dir='ltr'>non</span> <span class='ocrx_word' id='word_1_234' title='bbox 1150 1316 1266 1354; x_wconf 87' lang='lat' dir='ltr'>habet</span> <span class='ocrx_word' id='word_1_235' title='bbox 1284 1327 1361 1353; x_wconf 90' lang='lat' dir='ltr'>uen</span> 
     </span>
     <span class='ocr_line' id='line_1_73' title="bbox 962 1370 1357 1409; baseline -0.005 0"><span class='ocrx_word' id='word_1_236' title='bbox 962 1371 1028 1409; x_wconf 87' lang='lat' dir='ltr'>dat</span> <span class='ocrx_word' id='word_1_237' title='bbox 1046 1370 1176 1409; x_wconf 89' lang='lat' dir='ltr'>tunica</span> <span class='ocrx_word' id='word_1_238' title='bbox 1196 1377 1233 1409; x_wconf 91' lang='lat' dir='ltr'>et</span> <span class='ocrx_word' id='word_1_239' title='bbox 1252 1376 1357 1408; x_wconf 85' lang='lat' dir='ltr'>emat</span> 
     </span>
     <span class='ocr_line' id='line_1_74' title="bbox 961 1425 1132 1474; baseline 0 -12"><span class='ocrx_word' id='word_1_240' title='bbox 961 1425 1132 1474; x_wconf 86' lang='lat' dir='ltr'>gladium</span> 
     </span>
     <span class='ocr_line' id='line_1_75' title="bbox 961 1478 1466 1517; baseline -0.002 -1"><span class='ocrx_word' id='word_1_241' title='bbox 961 1489 1067 1516; x_wconf 76' lang='lat' dir='ltr'><strong><em>LXXI]</em></strong></span> <span class='ocrx_word' id='word_1_242' title='bbox 1082 1478 1140 1517; x_wconf 83' lang='lat' dir='ltr'>Et</span> <span class='ocrx_word' id='word_1_243' title='bbox 1156 1479 1197 1516; x_wconf 85' lang='lat' dir='ltr'>in</span> <span class='ocrx_word' id='word_1_244' title='bbox 1212 1482 1365 1517; x_wconf 85' lang='lat' dir='ltr'>montem</span> <span class='ocrx_word' id='word_1_245' title='bbox 1384 1490 1466 1516; x_wconf 86' lang='lat' dir='ltr'>cum</span> 
     </span>
     <span class='ocr_line' id='line_1_76' title="bbox 962 1534 1352 1576; baseline 0 -4"><span class='ocrx_word' id='word_1_246' title='bbox 962 1534 1068 1572; x_wconf 89' lang='lat' dir='ltr'>solus</span> <span class='ocrx_word' id='word_1_247' title='bbox 1088 1540 1195 1576; x_wconf 62' lang='lat' dir='ltr'>esset,</span> <span class='ocrx_word' id='word_1_248' title='bbox 1209 1539 1247 1571; x_wconf 91' lang='lat' dir='ltr'>et</span> <span class='ocrx_word' id='word_1_249' title='bbox 1265 1545 1352 1572; x_wconf 91' lang='lat' dir='ltr'>oras</span> 
     </span>
     <span class='ocr_line' id='line_1_77' title="bbox 962 1587 1346 1637; baseline -0.005 -10"><span class='ocrx_word' id='word_1_250' title='bbox 962 1595 1018 1627; x_wconf 87' lang='lat' dir='ltr'>set</span> <span class='ocrx_word' id='word_1_251' title='bbox 1037 1588 1132 1626; x_wconf 89' lang='lat' dir='ltr'>dixit</span> <span class='ocrx_word' id='word_1_252' title='bbox 1151 1587 1346 1637; x_wconf 89' lang='lat' dir='ltr'>discipulis</span> 
     </span>
     <span class='ocr_line' id='line_1_78' title="bbox 961 1641 1360 1681; baseline -0.005 0"><span class='ocrx_word' id='word_1_253' title='bbox 961 1649 1066 1681; x_wconf 87' lang='lat' dir='ltr'>orate</span> <span class='ocrx_word' id='word_1_254' title='bbox 1086 1655 1135 1680; x_wconf 93' lang='lat' dir='ltr'>ne</span> <span class='ocrx_word' id='word_1_255' title='bbox 1154 1641 1300 1680; x_wconf 90' lang='lat' dir='ltr'>intretis</span> <span class='ocrx_word' id='word_1_256' title='bbox 1319 1641 1360 1679; x_wconf 93' lang='lat' dir='ltr'>in</span> 
     </span>
    </p>
   </div>
   <div class='ocr_carea' id='block_1_6' title="bbox 958 1729 1474 2692">
    <p class='ocr_par' dir='ltr' id='par_1_29' title="bbox 960 1729 1254 1779">
     <span class='ocr_line' id='line_1_79' title="bbox 960 1729 1254 1779; baseline -0.007 -11"><span class='ocrx_word' id='word_1_257' title='bbox 960 1729 1254 1779; x_wconf 80' lang='lat' dir='ltr'>temptationem</span> 
     </span>
    </p>

    <p class='ocr_par' dir='ltr' id='par_1_30' title="bbox 958 1781 1470 2053">
     <span class='ocr_line' id='line_1_80' title="bbox 958 1781 1470 1822; baseline -0.006 0"><span class='ocrx_word' id='word_1_258' title='bbox 958 1793 1082 1822; x_wconf 76' lang='lat' dir='ltr'><strong><em>LXXIII</em></strong></span> <span class='ocrx_word' id='word_1_259' title='bbox 1098 1783 1155 1821; x_wconf 86' lang='lat' dir='ltr'>Et</span> <span class='ocrx_word' id='word_1_260' title='bbox 1171 1784 1277 1822; x_wconf 83' lang='lat' dir='ltr'>dixit</span> <span class='ocrx_word' id='word_1_261' title='bbox 1288 1781 1348 1821; x_wconf 72' lang='lat' dir='ltr'>ihs</span> <span class='ocrx_word' id='word_1_262' title='bbox 1362 1782 1470 1820; x_wconf 83' lang='lat' dir='ltr'>iudae</span> 
     </span>
     <span class='ocr_line' id='line_1_81' title="bbox 959 1837 1353 1876; baseline -0.005 0"><span class='ocrx_word' id='word_1_263' title='bbox 959 1837 1139 1876; x_wconf 89' lang='lat' dir='ltr'>osculum</span> <span class='ocrx_word' id='word_1_264' title='bbox 1159 1837 1280 1875; x_wconf 91' lang='lat' dir='ltr'>filiurn</span> <span class='ocrx_word' id='word_1_265' title='bbox 1300 1837 1353 1875; x_wconf 93' lang='lat' dir='ltr'>ho</span> 
     </span>
     <span class='ocr_line' id='line_1_82' title="bbox 962 1888 1467 1943; baseline -0.002 -14"><span class='ocrx_word' id='word_1_266' title='bbox 962 1892 1076 1930; x_wconf 90' lang='lat' dir='ltr'>minis</span> <span class='ocrx_word' id='word_1_267' title='bbox 1091 1891 1207 1930; x_wconf 87' lang='lat' dir='ltr'>tradis</span> <span class='ocrx_word' id='word_1_268' title='bbox 1369 1888 1467 1943; x_wconf 82' lang='lat' dir='ltr'>[ihm</span> 
     </span>
     <span class='ocr_line' id='line_1_83' title="bbox 962 1945 1468 1984; baseline 0 -1"><span class='ocrx_word' id='word_1_269' title='bbox 962 1955 1103 1983; x_wconf 81' lang='lat' dir='ltr'><strong><em>LXXUII</em></strong></span> <span class='ocrx_word' id='word_1_270' title='bbox 1128 1946 1180 1984; x_wconf 93' lang='lat' dir='ltr'>Et</span> <span class='ocrx_word' id='word_1_271' title='bbox 1208 1946 1390 1984; x_wconf 85' lang='lat' dir='ltr'>dixerunt</span> <span class='ocrx_word' id='word_1_272' title='bbox 1418 1945 1468 1983; x_wconf 91' lang='lat' dir='ltr'>ad</span> 
     </span>
     <span class='ocr_line' id='line_1_84' title="bbox 963 2000 1414 2053; baseline -0.004 -14"><span class='ocrx_word' id='word_1_273' title='bbox 963 2001 1148 2053; x_wconf 90' lang='lat' dir='ltr'>principis</span> <span class='ocrx_word' id='word_1_274' title='bbox 1168 2000 1414 2039; x_wconf 86' lang='lat' dir='ltr'>sacerdotum</span> 
     </span>
    </p>

    <p class='ocr_par' dir='ltr' id='par_1_31' title="bbox 965 2054 1474 2377">
     <span class='ocr_line' id='line_1_85' title="bbox 965 2054 1426 2104; baseline -0.007 -9"><span class='ocrx_word' id='word_1_275' title='bbox 965 2057 997 2095; x_wconf 89' lang='lat' dir='ltr'>si</span> <span class='ocrx_word' id='word_1_276' title='bbox 1016 2062 1058 2093; x_wconf 90' lang='lat' dir='ltr'>tu</span> <span class='ocrx_word' id='word_1_277' title='bbox 1076 2067 1118 2093; x_wconf 91' lang='lat' dir='ltr'>es</span> <span class='ocrx_word' id='word_1_278' title='bbox 1138 2058 1210 2104; x_wconf 69' lang='lat' dir='ltr'>xps</span> <span class='ocrx_word' id='word_1_279' title='bbox 1230 2054 1292 2092; x_wconf 91' lang='lat' dir='ltr'>dic</span> <span class='ocrx_word' id='word_1_280' title='bbox 1311 2054 1426 2092; x_wconf 90' lang='lat' dir='ltr'>nobis</span> 
     </span>
     <span class='ocr_line' id='line_1_86' title="bbox 965 2109 1355 2160; baseline -0.01 -11"><span class='ocrx_word' id='word_1_281' title='bbox 965 2117 1003 2149; x_wconf 92' lang='lat' dir='ltr'>et</span> <span class='ocrx_word' id='word_1_282' title='bbox 1022 2109 1245 2160; x_wconf 88' lang='lat' dir='ltr'>optulerunt</span> <span class='ocrx_word' id='word_1_283' title='bbox 1263 2120 1355 2146; x_wconf 89' lang='lat' dir='ltr'>eum</span> 
     </span>
     <span class='ocr_line' id='line_1_87' title="bbox 965 2160 1474 2216; baseline -0.004 -14"><span class='ocrx_word' id='word_1_284' title='bbox 965 2164 1086 2215; x_wconf 86' lang='lat' dir='ltr'>pilato</span> <span class='ocrx_word' id='word_1_285' title='bbox 1106 2170 1144 2202; x_wconf 91' lang='lat' dir='ltr'>et</span> <span class='ocrx_word' id='word_1_286' title='bbox 1162 2162 1295 2202; x_wconf 91' lang='lat' dir='ltr'>herodi</span> <span class='ocrx_word' id='word_1_287' title='bbox 1347 2160 1474 2216; x_wconf 80' lang='lat' dir='ltr'>[dixit</span> 
     </span>
     <span class='ocr_line' id='line_1_88' title="bbox 966 2217 1473 2267; baseline 0 -13"><span class='ocrx_word' id='word_1_288' title='bbox 966 2227 1125 2255; x_wconf 76' lang='lat' dir='ltr'><strong><em>LXXUIII</em></strong></span> <span class='ocrx_word' id='word_1_289' title='bbox 1150 2217 1210 2255; x_wconf 83' lang='lat' dir='ltr'>Et</span> <span class='ocrx_word' id='word_1_290' title='bbox 1236 2218 1276 2255; x_wconf 89' lang='lat' dir='ltr'>in</span> <span class='ocrx_word' id='word_1_291' title='bbox 1298 2218 1473 2267; x_wconf 85' lang='lat' dir='ltr'>passione</span> 
     </span>
     <span class='ocr_line' id='line_1_89' title="bbox 966 2271 1414 2322; baseline -0.004 -11"><span class='ocrx_word' id='word_1_292' title='bbox 966 2273 1026 2311; x_wconf 83' lang='lat' dir='ltr'>ihs</span> <span class='ocrx_word' id='word_1_293' title='bbox 1046 2279 1155 2322; x_wconf 89' lang='lat' dir='ltr'>pater</span> <span class='ocrx_word' id='word_1_294' title='bbox 1174 2271 1321 2310; x_wconf 88' lang='lat' dir='ltr'>dimitte</span> <span class='ocrx_word' id='word_1_295' title='bbox 1341 2271 1414 2309; x_wconf 93' lang='lat' dir='ltr'>illis</span> 
     </span>
     <span class='ocr_line' id='line_1_90' title="bbox 967 2325 1380 2377; baseline -0.002 -13"><span class='ocrx_word' id='word_1_296' title='bbox 967 2326 1059 2377; x_wconf 90' lang='lat' dir='ltr'>quia</span> <span class='ocrx_word' id='word_1_297' title='bbox 1077 2326 1254 2364; x_wconf 89' lang='lat' dir='ltr'>nesciunt</span> <span class='ocrx_word' id='word_1_298' title='bbox 1272 2337 1294 2363; x_wconf 89' lang='lat' dir='ltr'>e</span> <span class='ocrx_word' id='word_1_299' title='bbox 1312 2325 1380 2363; x_wconf 88' lang='lat' dir='ltr'>uni</span> 
     </span>
    </p>

    <p class='ocr_par' dir='ltr' id='par_1_32' title="bbox 967 2379 1352 2473">
     <span class='ocr_line' id='line_1_91' title="bbox 967 2379 1352 2419; baseline -0.008 0"><span class='ocrx_word' id='word_1_300' title='bbox 967 2381 1016 2419; x_wconf 90' lang='lat' dir='ltr'>de</span> <span class='ocrx_word' id='word_1_301' title='bbox 1034 2380 1244 2418; x_wconf 79' lang='lat' dir='ltr'>latronibus</span> <span class='ocrx_word' id='word_1_302' title='bbox 1263 2379 1352 2417; x_wconf 91' lang='lat' dir='ltr'>dicit</span> 
     </span>
     <span class='ocr_line' id='line_1_92' title="bbox 968 2433 1350 2473; baseline -0.003 -1"><span class='ocrx_word' id='word_1_303' title='bbox 968 2434 1084 2473; x_wconf 90' lang='lat' dir='ltr'>hodie</span> <span class='ocrx_word' id='word_1_304' title='bbox 1103 2445 1257 2472; x_wconf 90' lang='lat' dir='ltr'>mecum</span> <span class='ocrx_word' id='word_1_305' title='bbox 1276 2433 1350 2472; x_wconf 91' lang='lat' dir='ltr'>eris</span> 
     </span>
    </p>

    <p class='ocr_par' dir='ltr' id='par_1_33' title="bbox 969 2484 1473 2649">
     <span class='ocr_line' id='line_1_93' title="bbox 969 2484 1473 2540; baseline -0.006 -13"><span class='ocrx_word' id='word_1_306' title='bbox 969 2489 1009 2527; x_wconf 92' lang='lat' dir='ltr'>in</span> <span class='ocrx_word' id='word_1_307' title='bbox 1027 2487 1207 2539; x_wconf 88' lang='lat' dir='ltr'>paradiso</span> <span class='ocrx_word' id='word_1_308' title='bbox 1359 2484 1473 2540; x_wconf 84' lang='lat' dir='ltr'>[tione</span> 
     </span>
     <span class='ocr_line' id='line_1_94' title="bbox 969 2542 1473 2581; baseline -0.004 0"><span class='ocrx_word' id='word_1_309' title='bbox 969 2551 1146 2581; x_wconf 79' lang='lat' dir='ltr'><strong><em>LXXUIIII</em></strong></span> <span class='ocrx_word' id='word_1_310' title='bbox 1163 2542 1262 2580; x_wconf 84' lang='lat' dir='ltr'>Post</span> <span class='ocrx_word' id='word_1_311' title='bbox 1285 2553 1473 2580; x_wconf 88' lang='lat' dir='ltr'>resurrec-</span> 
     </span>
     <span class='ocr_line' id='line_1_95' title="bbox 969 2595 1396 2649; baseline -0.009 -12"><span class='ocrx_word' id='word_1_312' title='bbox 969 2597 1146 2649; x_wconf 87' lang='lat' dir='ltr'>apparuit</span> <span class='ocrx_word' id='word_1_313' title='bbox 1165 2596 1224 2634; x_wconf 79' lang='lat' dir='ltr'>ihs</span> <span class='ocrx_word' id='word_1_314' title='bbox 1244 2595 1396 2634; x_wconf 91' lang='lat' dir='ltr'>duobus</span> 
     </span>
    </p>

    <p class='ocr_par' dir='ltr' id='par_1_34' title="bbox 970 2650 1372 2692">
     <span class='ocr_line' id='line_1_96' title="bbox 970 2650 1372 2692; baseline -0.012 0"><span class='ocrx_word' id='word_1_315' title='bbox 970 2665 1020 2692; x_wconf 91' lang='lat' dir='ltr'>eu</span> <span class='ocrx_word' id='word_1_316' title='bbox 1049 2652 1152 2690; x_wconf 90' lang='lat' dir='ltr'>tibus</span> <span class='ocrx_word' id='word_1_317' title='bbox 1171 2650 1221 2689; x_wconf 90' lang='lat' dir='ltr'>ad</span> <span class='ocrx_word' id='word_1_318' title='bbox 1241 2650 1372 2688; x_wconf 90' lang='lat' dir='ltr'>uillam</span> 
     </span>
    </p>
   </div>
   <div class='ocr_carea' id='block_1_7' title="bbox 970 2737 1437 2833">
    <p class='ocr_par' dir='ltr' id='par_1_35' title="bbox 970 2737 1437 2833">
     <span class='ocr_line' id='line_1_97' title="bbox 970 2737 1437 2791; baseline -0.009 -12"><span class='ocrx_word' id='word_1_319' title='bbox 970 2746 1008 2779; x_wconf 92' lang='lat' dir='ltr'>et</span> <span class='ocrx_word' id='word_1_320' title='bbox 1024 2738 1183 2791; x_wconf 88' lang='lat' dir='ltr'>postolis</span> <span class='ocrx_word' id='word_1_321' title='bbox 1202 2737 1437 2776; x_wconf 86' lang='lat' dir='ltr'>benedicens</span> 
     </span>
     <span class='ocr_line' id='line_1_98' title="bbox 971 2792 1405 2833; baseline -0.009 0"><span class='ocrx_word' id='word_1_322' title='bbox 971 2806 1040 2833; x_wconf 92' lang='lat' dir='ltr'>eos</span> <span class='ocrx_word' id='word_1_323' title='bbox 1059 2792 1233 2832; x_wconf 89' lang='lat' dir='ltr'>ascendit</span> <span class='ocrx_word' id='word_1_324' title='bbox 1252 2792 1292 2830; x_wconf 91' lang='lat' dir='ltr'>in</span> <span class='ocrx_word' id='word_1_325' title='bbox 1311 2792 1405 2830; x_wconf 87' lang='lat' dir='ltr'>celis</span> 
     </span>
    </p>
   </div>
   <div class='ocr_carea' id='block_1_8' title="bbox 986 2898 1475 2994">
    <p class='ocr_par' dir='ltr' id='par_1_36' title="bbox 986 2898 1475 2994">
     <span class='ocr_line' id='line_1_99' title="bbox 986 2898 1475 2941; baseline -0.006 -1"><span class='ocrx_word' id='word_1_326' title='bbox 986 2900 1270 2941; x_wconf 84' lang='lat' dir='ltr'><strong><em>CAPITULA</em></strong></span> <span class='ocrx_word' id='word_1_327' title='bbox 1296 2898 1475 2938; x_wconf 84' lang='lat' dir='ltr'>EUAN-</span> 
     </span>
     <span class='ocr_line' id='line_1_100' title="bbox 1082 2953 1214 2994; baseline -0.015 0"><span class='ocrx_word' id='word_1_328' title='bbox 1082 2953 1214 2994; x_wconf 90' lang='lat' dir='ltr'>GELI</span> 
     </span>
    </p>
   </div>
   <div class='ocr_carea' id='block_1_9' title="bbox 985 3060 1400 3165">
    <p class='ocr_par' dir='ltr' id='par_1_37' title="bbox 985 3060 1400 3165">
     <span class='ocr_line' id='line_1_101' title="bbox 985 3060 1364 3111; baseline -0.008 -10"><span class='ocrx_word' id='word_1_329' title='bbox 985 3060 1212 3111; x_wconf 81' lang='lat' dir='ltr'><strong><em>LUCAN&lt;</em></strong></span> <span class='ocrx_word' id='word_1_330' title='bbox 1234 3060 1364 3111; x_wconf 78' lang='lat' dir='ltr'><strong><em>EPL(</em></strong></span> 
     </span>
     <span class='ocr_line' id='line_1_102' title="bbox 987 3114 1400 3165; baseline -0.01 -9"><span class='ocrx_word' id='word_1_331' title='bbox 987 3116 1084 3156; x_wconf 84' lang='lat' dir='ltr'>1Nc</span> <span class='ocrx_word' id='word_1_332' title='bbox 1099 3137 1108 3146; x_wconf 89' lang='lat'>-</span> <span class='ocrx_word' id='word_1_333' title='bbox 1123 3114 1400 3165; x_wconf 79' lang='lat' dir='ltr'>EmsnEM(</span> 
     </span>
    </p>
   </div>
   <div class='ocr_carea' id='block_1_10' title="bbox 992 3219 1454 3273">
    <p class='ocr_par' dir='ltr' id='par_1_38' title="bbox 992 3219 1454 3273">
     <span class='ocr_line' id='line_1_103' title="bbox 992 3219 1454 3273; baseline 0.004 -15"><span class='ocrx_word' id='word_1_334' title='bbox 992 3219 1454 3273; x_wconf 76' lang='lat' dir='ltr'><em>ARGUMENTUM(</em></span> 
     </span>
    </p>
   </div>
   <div class='ocr_carea' id='block_1_11' title="bbox 1939 207 2245 249">
    <p class='ocr_par' dir='ltr' id='par_1_39' title="bbox 1939 207 2245 249">
     <span class='ocr_line' id='line_1_104' title="bbox 1939 207 2245 249; baseline 0 -2"><span class='ocrx_word' id='word_1_335' title='bbox 1939 207 2245 249; x_wconf 84' lang='lat' dir='ltr'><em>LUCANUM</em></span> 
     </span>
    </p>
   </div>
   <div class='ocr_carea' id='block_1_12' title="bbox 1532 296 2036 1637">
    <p class='ocr_par' dir='ltr' id='par_1_40' title="bbox 1535 296 1698 328">
     <span class='ocr_line' id='line_1_105' title="bbox 1535 296 1698 328; baseline 0.006 -1"><span class='ocrx_word' id='word_1_336' title='bbox 1535 296 1618 328; x_wconf 68' lang='lat'><strong>1¹01.</strong></span> <span class='ocrx_word' id='word_1_337' title='bbox 1635 297 1698 328; x_wconf 79' lang='lat'>90.</span> 
     </span>
    </p>

    <p class='ocr_par' dir='ltr' id='par_1_41' title="bbox 1532 339 1959 1202">
     <span class='ocr_line' id='line_1_106' title="bbox 1532 339 1890 390; baseline 0 -12"><span class='ocrx_word' id='word_1_338' title='bbox 1532 339 1610 378; x_wconf 84' lang='lat' dir='ltr'>Est</span> <span class='ocrx_word' id='word_1_339' title='bbox 1624 340 1766 390; x_wconf 82' lang='lat' dir='ltr'>quidem</span> <span class='ocrx_word' id='word_1_340' title='bbox 1784 340 1890 378; x_wconf 83' lang='lat' dir='ltr'>lucas</span> 
     </span>
     <span class='ocr_line' id='line_1_107' title="bbox 1533 394 1921 442; baseline 0.003 -11"><span class='ocrx_word' id='word_1_341' title='bbox 1533 394 1791 432; x_wconf 87' lang='lat' dir='ltr'>anthiocensis</span> <span class='ocrx_word' id='word_1_342' title='bbox 1811 405 1921 442; x_wconf 84' lang='lat' dir='ltr'>syrus</span> 
     </span>
     <span class='ocr_line' id='line_1_108' title="bbox 1532 448 1922 486; baseline -0.003 0"><span class='ocrx_word' id='word_1_343' title='bbox 1532 455 1613 486; x_wconf 90' lang='lat' dir='ltr'>arte</span> <span class='ocrx_word' id='word_1_344' title='bbox 1634 448 1807 486; x_wconf 88' lang='lat' dir='ltr'>medicus</span> <span class='ocrx_word' id='word_1_345' title='bbox 1826 448 1922 486; x_wconf 91' lang='lat' dir='ltr'>disci</span> 
     </span>
     <span class='ocr_line' id='line_1_109' title="bbox 1534 501 1934 552; baseline 0 -13"><span class='ocrx_word' id='word_1_346' title='bbox 1534 503 1647 552; x_wconf 87' lang='lat' dir='ltr'>pulus</span> <span class='ocrx_word' id='word_1_347' title='bbox 1667 501 1934 552; x_wconf 89' lang='lat' dir='ltr'>apostolorum</span> 
     </span>
     <span class='ocr_line' id='line_1_110' title="bbox 1533 556 1957 606; baseline -0.002 -11"><span class='ocrx_word' id='word_1_348' title='bbox 1533 563 1667 606; x_wconf 88' lang='lat' dir='ltr'>postea</span> <span class='ocrx_word' id='word_1_349' title='bbox 1686 568 1780 594; x_wconf 91' lang='lat' dir='ltr'>uero</span> <span class='ocrx_word' id='word_1_350' title='bbox 1798 556 1957 606; x_wconf 90' lang='lat' dir='ltr'>paulum</span> 
     </span>
     <span class='ocr_line' id='line_1_111' title="bbox 1533 610 1937 660; baseline 0 -12"><span class='ocrx_word' id='word_1_351' title='bbox 1533 618 1685 649; x_wconf 90' lang='lat' dir='ltr'>secutus</span> <span class='ocrx_word' id='word_1_352' title='bbox 1703 617 1761 648; x_wconf 91' lang='lat' dir='ltr'>est</span> <span class='ocrx_word' id='word_1_353' title='bbox 1780 622 1864 660; x_wconf 88' lang='lat' dir='ltr'>usq·</span> <span class='ocrx_word' id='word_1_354' title='bbox 1885 610 1937 649; x_wconf 91' lang='lat' dir='ltr'>ad</span> 
     </span>
     <span class='ocr_line' id='line_1_112' title="bbox 1533 664 1917 703; baseline -0.003 0"><span class='ocrx_word' id='word_1_355' title='bbox 1533 664 1816 703; x_wconf 87' lang='lat' dir='ltr'>confessionem</span> <span class='ocrx_word' id='word_1_356' title='bbox 1836 664 1917 702; x_wconf 90' lang='lat' dir='ltr'>eius</span> 
     </span>
     <span class='ocr_line' id='line_1_113' title="bbox 1534 719 1909 757; baseline -0.003 0"><span class='ocrx_word' id='word_1_357' title='bbox 1534 720 1704 757; x_wconf 90' lang='lat' dir='ltr'>seruiens</span> <span class='ocrx_word' id='word_1_358' title='bbox 1725 719 1804 756; x_wconf 79' lang='lat' dir='ltr'>dfio</span> <span class='ocrx_word' id='word_1_359' title='bbox 1826 720 1909 757; x_wconf 90' lang='lat' dir='ltr'>sine</span> 
     </span>
     <span class='ocr_line' id='line_1_114' title="bbox 1534 773 1896 812; baseline -0.003 -1"><span class='ocrx_word' id='word_1_360' title='bbox 1534 773 1694 812; x_wconf 89' lang='lat' dir='ltr'>crimine</span> <span class='ocrx_word' id='word_1_361' title='bbox 1730 784 1896 811; x_wconf 88' lang='lat' dir='ltr'>uxorem</span> 
     </span>
     <span class='ocr_line' id='line_1_115' title="bbox 1533 827 1902 878; baseline 0 -14"><span class='ocrx_word' id='word_1_362' title='bbox 1533 838 1746 878; x_wconf 87' lang='lat' dir='ltr'>numquam</span> <span class='ocrx_word' id='word_1_363' title='bbox 1766 827 1902 865; x_wconf 90' lang='lat' dir='ltr'>habuit</span> 
     </span>
     <span class='ocr_line' id='line_1_116' title="bbox 1532 881 1956 931; baseline 0.002 -13"><span class='ocrx_word' id='word_1_364' title='bbox 1532 881 1632 920; x_wconf 89' lang='lat' dir='ltr'>filios</span> <span class='ocrx_word' id='word_1_365' title='bbox 1650 893 1866 931; x_wconf 89' lang='lat' dir='ltr'>numquam</span> <span class='ocrx_word' id='word_1_366' title='bbox 1884 892 1956 930; x_wconf 92' lang='lat' dir='ltr'>pro</span> 
     </span>
     <span class='ocr_line' id='line_1_117' title="bbox 1533 935 1959 974; baseline -0.002 -1"><span class='ocrx_word' id='word_1_367' title='bbox 1533 935 1678 973; x_wconf 85' lang='lat' dir='ltr'>creauit</span> <span class='ocrx_word' id='word_1_368' title='bbox 1696 948 1847 974; x_wconf 78' lang='lat' dir='ltr'>Lxxnn·</span> <span class='ocrx_word' id='word_1_369' title='bbox 1867 946 1959 973; x_wconf 91' lang='lat' dir='ltr'>ann·</span> 
     </span>
     <span class='ocr_line' id='line_1_118' title="bbox 1532 988 1942 1038; baseline 0 -11"><span class='ocrx_word' id='word_1_370' title='bbox 1532 990 1626 1027; x_wconf 90' lang='lat' dir='ltr'>obiit</span> <span class='ocrx_word' id='word_1_371' title='bbox 1646 990 1685 1026; x_wconf 90' lang='lat' dir='ltr'>in</span> <span class='ocrx_word' id='word_1_372' title='bbox 1704 990 1859 1028; x_wconf 89' lang='lat' dir='ltr'>boeotia</span> <span class='ocrx_word' id='word_1_373' title='bbox 1878 988 1942 1038; x_wconf 90' lang='lat' dir='ltr'>ple</span> 
     </span>
     <span class='ocr_line' id='line_1_119' title="bbox 1533 1043 1938 1093; baseline 0 -12"><span class='ocrx_word' id='word_1_374' title='bbox 1533 1055 1607 1082; x_wconf 91' lang='lat' dir='ltr'>nus</span> <span class='ocrx_word' id='word_1_375' title='bbox 1626 1048 1694 1082; x_wconf 72' lang='lat' dir='ltr'>sco</span> <span class='ocrx_word' id='word_1_376' title='bbox 1713 1047 1786 1093; x_wconf 73' lang='lat' dir='ltr'>spu</span> <span class='ocrx_word' id='word_1_377' title='bbox 1823 1043 1938 1093; x_wconf 88' lang='lat' dir='ltr'>igitur</span> 
     </span>
     <span class='ocr_line' id='line_1_120' title="bbox 1535 1098 1938 1147; baseline -0.005 -10"><span class='ocrx_word' id='word_1_378' title='bbox 1535 1110 1627 1137; x_wconf 90' lang='lat' dir='ltr'>cum</span> <span class='ocrx_word' id='word_1_379' title='bbox 1647 1099 1723 1136; x_wconf 88' lang='lat' dir='ltr'>iam</span> <span class='ocrx_word' id='word_1_380' title='bbox 1745 1098 1938 1147; x_wconf 88' lang='lat' dir='ltr'>descripta</span> 
     </span>
     <span class='ocr_line' id='line_1_121' title="bbox 1533 1152 1882 1202; baseline -0.006 -11"><span class='ocrx_word' id='word_1_381' title='bbox 1533 1159 1662 1191; x_wconf 89' lang='lat' dir='ltr'>essent</span> <span class='ocrx_word' id='word_1_382' title='bbox 1681 1152 1882 1202; x_wconf 89' lang='lat' dir='ltr'>euangelia</span> 
     </span>
    </p>

    <p class='ocr_par' dir='ltr' id='par_1_42' title="bbox 1533 1205 2036 1637">
     <span class='ocr_line' id='line_1_122' title="bbox 1534 1205 1922 1257; baseline -0.005 -12"><span class='ocrx_word' id='word_1_383' title='bbox 1534 1219 1602 1257; x_wconf 91' lang='lat' dir='ltr'>per</span> <span class='ocrx_word' id='word_1_384' title='bbox 1621 1206 1836 1245; x_wconf 88' lang='lat' dir='ltr'>mattheum</span> <span class='ocrx_word' id='word_1_385' title='bbox 1855 1205 1922 1257; x_wconf 90' lang='lat' dir='ltr'>qui</span> 
     </span>
     <span class='ocr_line' id='line_1_123' title="bbox 1534 1261 2004 1310; baseline -0.004 -11"><span class='ocrx_word' id='word_1_386' title='bbox 1534 1261 1623 1300; x_wconf 90' lang='lat' dir='ltr'>dem</span> <span class='ocrx_word' id='word_1_387' title='bbox 1643 1261 1683 1298; x_wconf 88' lang='lat' dir='ltr'>in</span> <span class='ocrx_word' id='word_1_388' title='bbox 1702 1261 1815 1298; x_wconf 91' lang='lat' dir='ltr'>iudea</span> <span class='ocrx_word' id='word_1_389' title='bbox 1833 1272 1902 1310; x_wconf 91' lang='lat' dir='ltr'>per</span> <span class='ocrx_word' id='word_1_390' title='bbox 1920 1271 2004 1297; x_wconf 91' lang='lat' dir='ltr'>mar</span> 
     </span>
     <span class='ocr_line' id='line_1_124' title="bbox 1533 1314 2000 1354; baseline -0.002 -1"><span class='ocrx_word' id='word_1_391' title='bbox 1533 1327 1624 1354; x_wconf 90' lang='lat' dir='ltr'>cum</span> <span class='ocrx_word' id='word_1_392' title='bbox 1644 1315 1683 1352; x_wconf 93' lang='lat' dir='ltr'>in</span> <span class='ocrx_word' id='word_1_393' title='bbox 1703 1314 1806 1353; x_wconf 88' lang='lat' dir='ltr'>italia</span> <span class='ocrx_word' id='word_1_394' title='bbox 1825 1319 1893 1352; x_wconf 70' lang='lat' dir='ltr'>sco</span> <span class='ocrx_word' id='word_1_395' title='bbox 1911 1314 2000 1352; x_wconf 87' lang='lat' dir='ltr'>insti</span> 
     </span>
     <span class='ocr_line' id='line_1_125' title="bbox 1533 1368 1970 1420; baseline -0.002 -12"><span class='ocrx_word' id='word_1_396' title='bbox 1533 1377 1644 1420; x_wconf 87' lang='lat' dir='ltr'>gatus</span> <span class='ocrx_word' id='word_1_397' title='bbox 1664 1371 1736 1418; x_wconf 71' lang='lat' dir='ltr'>spo</span> <span class='ocrx_word' id='word_1_398' title='bbox 1756 1369 1796 1406; x_wconf 91' lang='lat' dir='ltr'>in</span> <span class='ocrx_word' id='word_1_399' title='bbox 1815 1368 1970 1407; x_wconf 90' lang='lat' dir='ltr'>achaiae</span> 
     </span>
     <span class='ocr_line' id='line_1_126' title="bbox 1534 1422 2036 1474; baseline -0.004 -12"><span class='ocrx_word' id='word_1_400' title='bbox 1534 1425 1704 1474; x_wconf 88' lang='lat' dir='ltr'>partibus</span> <span class='ocrx_word' id='word_1_401' title='bbox 1719 1422 1794 1461; x_wconf 89' lang='lat' dir='ltr'>hoc</span> <span class='ocrx_word' id='word_1_402' title='bbox 1810 1430 1867 1460; x_wconf 90' lang='lat' dir='ltr'>est</span> <span class='ocrx_word' id='word_1_403' title='bbox 1883 1422 2036 1473; x_wconf 88' lang='lat' dir='ltr'>descrip</span> 
     </span>
     <span class='ocr_line' id='line_1_127' title="bbox 1534 1476 1953 1527; baseline -0.007 -11"><span class='ocrx_word' id='word_1_404' title='bbox 1534 1479 1581 1516; x_wconf 90' lang='lat' dir='ltr'>sit</span> <span class='ocrx_word' id='word_1_405' title='bbox 1599 1490 1689 1516; x_wconf 91' lang='lat' dir='ltr'>eum</span> <span class='ocrx_word' id='word_1_406' title='bbox 1709 1476 1953 1527; x_wconf 89' lang='lat' dir='ltr'>euangelium</span> 
     </span>
     <span class='ocr_line' id='line_1_128' title="bbox 1535 1532 1920 1582; baseline -0.005 -12"><span class='ocrx_word' id='word_1_407' title='bbox 1535 1532 1728 1582; x_wconf 88' lang='lat' dir='ltr'>significas</span> <span class='ocrx_word' id='word_1_408' title='bbox 1746 1543 1816 1582; x_wconf 92' lang='lat' dir='ltr'>per</span> <span class='ocrx_word' id='word_1_409' title='bbox 1833 1532 1920 1581; x_wconf 90' lang='lat' dir='ltr'>prin</span> 
     </span>
     <span class='ocr_line' id='line_1_129' title="bbox 1534 1587 1918 1637; baseline -0.005 -12"><span class='ocrx_word' id='word_1_410' title='bbox 1534 1587 1677 1637; x_wconf 91' lang='lat' dir='ltr'>cipium</span> <span class='ocrx_word' id='word_1_411' title='bbox 1695 1593 1784 1624; x_wconf 89' lang='lat' dir='ltr'>ante</span> <span class='ocrx_word' id='word_1_412' title='bbox 1804 1596 1918 1624; x_wconf 90' lang='lat' dir='ltr'>suum</span> 
     </span>
    </p>
   </div>
   <div class='ocr_carea' id='block_1_13' title="bbox 1534 1725 1998 3023">
    <p class='ocr_par' dir='ltr' id='par_1_43' title="bbox 1534 1725 1975 2200">
     <span class='ocr_line' id='line_1_130' title="bbox 1534 1725 1919 1778; baseline -0.003 -12"><span class='ocrx_word' id='word_1_413' title='bbox 1534 1727 1606 1766; x_wconf 87' lang='lat' dir='ltr'>alia</span> <span class='ocrx_word' id='word_1_414' title='bbox 1625 1739 1709 1766; x_wconf 86' lang='lat' dir='ltr'>esse</span> <span class='ocrx_word' id='word_1_415' title='bbox 1728 1725 1919 1778; x_wconf 86' lang='lat' dir='ltr'>descripta</span> 
     </span>
     <span class='ocr_line' id='line_1_131' title="bbox 1535 1781 1975 1821; baseline -0.007 0"><span class='ocrx_word' id='word_1_416' title='bbox 1535 1782 1602 1821; x_wconf 88' lang='lat' dir='ltr'>sed</span> <span class='ocrx_word' id='word_1_417' title='bbox 1624 1788 1662 1821; x_wconf 90' lang='lat' dir='ltr'>et</span> <span class='ocrx_word' id='word_1_418' title='bbox 1684 1781 1754 1820; x_wconf 87' lang='lat' dir='ltr'>sibi</span> <span class='ocrx_word' id='word_1_419' title='bbox 1773 1781 1975 1819; x_wconf 66' lang='lat' dir='ltr'>maxima*</span> 
     </span>
     <span class='ocr_line' id='line_1_132' title="bbox 1535 1836 1943 1875; baseline -0.007 0"><span class='ocrx_word' id='word_1_420' title='bbox 1535 1836 1803 1875; x_wconf 88' lang='lat' dir='ltr'>necessitatem</span> <span class='ocrx_word' id='word_1_421' title='bbox 1822 1836 1943 1873; x_wconf 73' lang='lat' dir='ltr'>incu’</span> 
     </span>
     <span class='ocr_line' id='line_1_133' title="bbox 1536 1889 1896 1941; baseline -0.008 -12"><span class='ocrx_word' id='word_1_422' title='bbox 1536 1893 1627 1929; x_wconf 87' lang='lat' dir='ltr'>bere</span> <span class='ocrx_word' id='word_1_423' title='bbox 1646 1890 1771 1941; x_wconf 86' lang='lat' dir='ltr'>grecis</span> <span class='ocrx_word' id='word_1_424' title='bbox 1792 1889 1896 1928; x_wconf 88' lang='lat' dir='ltr'>fideli</span> 
     </span>
     <span class='ocr_line' id='line_1_134' title="bbox 1537 1947 1935 1984; baseline -0.008 -1"><span class='ocrx_word' id='word_1_425' title='bbox 1537 1947 1609 1984; x_wconf 89' lang='lat' dir='ltr'>bus</span> <span class='ocrx_word' id='word_1_426' title='bbox 1629 1957 1720 1983; x_wconf 90' lang='lat' dir='ltr'>cum</span> <span class='ocrx_word' id='word_1_427' title='bbox 1740 1955 1935 1982; x_wconf 89' lang='lat' dir='ltr'>summam</span> 
     </span>
     <span class='ocr_line' id='line_1_135' title="bbox 1537 1999 1941 2049; baseline -0.007 -11"><span class='ocrx_word' id='word_1_428' title='bbox 1537 1999 1775 2049; x_wconf 84' lang='lat' dir='ltr'>diligentiam</span> <span class='ocrx_word' id='word_1_429' title='bbox 1795 2002 1941 2037; x_wconf 65' lang='lat' dir='ltr'>omne*</span> 
     </span>
     <span class='ocr_line' id='line_1_136' title="bbox 1538 2053 1919 2103; baseline -0.005 -11"><span class='ocrx_word' id='word_1_430' title='bbox 1538 2053 1831 2103; x_wconf 88' lang='lat' dir='ltr'>dispositionem</span> <span class='ocrx_word' id='word_1_431' title='bbox 1848 2064 1919 2090; x_wconf 91' lang='lat' dir='ltr'>nar</span> 
     </span>
     <span class='ocr_line' id='line_1_137' title="bbox 1540 2108 1900 2156; baseline -0.006 -10"><span class='ocrx_word' id='word_1_432' title='bbox 1540 2108 1688 2146; x_wconf 87' lang='lat' dir='ltr'>ratione</span> <span class='ocrx_word' id='word_1_433' title='bbox 1707 2118 1778 2145; x_wconf 88' lang='lat' dir='ltr'>sua</span> <span class='ocrx_word' id='word_1_434' title='bbox 1796 2118 1900 2156; x_wconf 84' lang='lat' dir='ltr'>expo</span> 
     </span>
     <span class='ocr_line' id='line_1_138' title="bbox 1539 2174 1632 2200; baseline 0 0"><span class='ocrx_word' id='word_1_435' title='bbox 1539 2174 1632 2200; x_wconf 89' lang='lat' dir='ltr'>nere</span> 
     </span>
    </p>

    <p class='ocr_par' dir='ltr' id='par_1_44' title="bbox 1540 2213 1998 2580">
     <span class='ocr_line' id='line_1_139' title="bbox 1541 2213 1998 2266; baseline -0.004 -12"><span class='ocrx_word' id='word_1_436' title='bbox 1541 2216 1750 2266; x_wconf 88' lang='lat' dir='ltr'>Propterea</span> <span class='ocrx_word' id='word_1_437' title='bbox 1768 2226 1818 2252; x_wconf 90' lang='lat' dir='ltr'>ne</span> <span class='ocrx_word' id='word_1_438' title='bbox 1837 2213 1998 2253; x_wconf 88' lang='lat' dir='ltr'>iudaicis</span> 
     </span>
     <span class='ocr_line' id='line_1_140' title="bbox 1541 2269 1894 2309; baseline -0.003 0"><span class='ocrx_word' id='word_1_439' title='bbox 1541 2270 1680 2309; x_wconf 87' lang='lat' dir='ltr'>fabulis</span> <span class='ocrx_word' id='word_1_440' title='bbox 1700 2269 1894 2308; x_wconf 87' lang='lat' dir='ltr'>desiderio</span> 
     </span>
     <span class='ocr_line' id='line_1_141' title="bbox 1541 2330 1889 2363; baseline -0.006 0"><span class='ocrx_word' id='word_1_441' title='bbox 1541 2330 1735 2363; x_wconf 88' lang='lat' dir='ltr'>teneretur</span> <span class='ocrx_word' id='word_1_442' title='bbox 1789 2335 1889 2361; x_wconf 89' lang='lat' dir='ltr'>neue</span> 
     </span>
     <span class='ocr_line' id='line_1_142' title="bbox 1540 2377 1932 2418; baseline -0.008 0"><span class='ocrx_word' id='word_1_443' title='bbox 1540 2378 1715 2418; x_wconf 88' lang='lat' dir='ltr'>hereticis</span> <span class='ocrx_word' id='word_1_444' title='bbox 1734 2377 1873 2416; x_wconf 87' lang='lat' dir='ltr'>fabulis</span> <span class='ocrx_word' id='word_1_445' title='bbox 1891 2382 1932 2416; x_wconf 90' lang='lat' dir='ltr'>et</span> 
     </span>
     <span class='ocr_line' id='line_1_143' title="bbox 1541 2431 1902 2471; baseline -0.006 0"><span class='ocrx_word' id='word_1_446' title='bbox 1541 2433 1664 2471; x_wconf 91' lang='lat' dir='ltr'>stultis</span> <span class='ocrx_word' id='word_1_447' title='bbox 1684 2431 1902 2470; x_wconf 89' lang='lat' dir='ltr'>sollicitatio</span> 
     </span>
     <span class='ocr_line' id='line_1_144' title="bbox 1540 2485 1889 2525; baseline -0.006 0"><span class='ocrx_word' id='word_1_448' title='bbox 1540 2487 1654 2525; x_wconf 91' lang='lat' dir='ltr'>nibus</span> <span class='ocrx_word' id='word_1_449' title='bbox 1674 2485 1822 2524; x_wconf 87' lang='lat' dir='ltr'>seducti</span> <span class='ocrx_word' id='word_1_450' title='bbox 1840 2497 1889 2524; x_wconf 87' lang='lat' dir='ltr'>ex</span> 
     </span>
     <span class='ocr_line' id='line_1_145' title="bbox 1541 2540 1905 2580; baseline -0.011 1"><span class='ocrx_word' id='word_1_451' title='bbox 1541 2541 1722 2580; x_wconf 88' lang='lat' dir='ltr'>cederent</span> <span class='ocrx_word' id='word_1_452' title='bbox 1741 2552 1766 2577; x_wconf 87' lang='lat' dir='ltr'>a</span> <span class='ocrx_word' id='word_1_453' title='bbox 1783 2540 1905 2578; x_wconf 88' lang='lat' dir='ltr'>uerita</span> 
     </span>
    </p>

    <p class='ocr_par' dir='ltr' id='par_1_45' title="bbox 1540 2595 1991 3023">
     <span class='ocr_line' id='line_1_146' title="bbox 1540 2595 1882 2644; baseline -0.009 -10"><span class='ocrx_word' id='word_1_454' title='bbox 1540 2602 1578 2634; x_wconf 87' lang='lat' dir='ltr'>te</span> <span class='ocrx_word' id='word_1_455' title='bbox 1663 2595 1794 2644; x_wconf 91' lang='lat' dir='ltr'>itaque</span> <span class='ocrx_word' id='word_1_456' title='bbox 1812 2606 1882 2644; x_wconf 87' lang='lat' dir='ltr'>per</span> 
     </span>
     <span class='ocr_line' id='line_1_147' title="bbox 1540 2648 1927 2700; baseline -0.005 -13"><span class='ocrx_word' id='word_1_457' title='bbox 1540 2660 1659 2700; x_wconf 88' lang='lat' dir='ltr'>quam</span> <span class='ocrx_word' id='word_1_458' title='bbox 1678 2648 1927 2686; x_wconf 77' lang='lat' dir='ltr'>necessaria·-</span> 
     </span>
     <span class='ocr_line' id='line_1_148' title="bbox 1542 2701 1939 2752; baseline -0.003 -10"><span class='ocrx_word' id='word_1_459' title='bbox 1542 2703 1670 2742; x_wconf 87' lang='lat' dir='ltr'>statim</span> <span class='ocrx_word' id='word_1_460' title='bbox 1690 2702 1729 2740; x_wconf 92' lang='lat' dir='ltr'>in</span> <span class='ocrx_word' id='word_1_461' title='bbox 1750 2701 1939 2752; x_wconf 89' lang='lat' dir='ltr'>principio</span> 
     </span>
     <span class='ocr_line' id='line_1_149' title="bbox 1542 2756 1908 2808; baseline -0.008 -11"><span class='ocrx_word' id='word_1_462' title='bbox 1542 2757 1705 2808; x_wconf 88' lang='lat' dir='ltr'>sumpsit</span> <span class='ocrx_word' id='word_1_463' title='bbox 1724 2757 1775 2795; x_wconf 92' lang='lat' dir='ltr'>ab</span> <span class='ocrx_word' id='word_1_464' title='bbox 1793 2756 1908 2795; x_wconf 88' lang='lat' dir='ltr'>iohan</span> 
     </span>
     <span class='ocr_line' id='line_1_150' title="bbox 1542 2811 1963 2861; baseline -0.002 -12"><span class='ocrx_word' id='word_1_465' title='bbox 1542 2812 1601 2850; x_wconf 89' lang='lat' dir='ltr'>nis</span> <span class='ocrx_word' id='word_1_466' title='bbox 1621 2811 1790 2850; x_wconf 89' lang='lat' dir='ltr'>nauitate</span> <span class='ocrx_word' id='word_1_467' title='bbox 1809 2822 1884 2861; x_wconf 89' lang='lat' dir='ltr'>que</span> <span class='ocrx_word' id='word_1_468' title='bbox 1904 2815 1963 2849; x_wconf 87' lang='lat' dir='ltr'>est</span> 
     </span>
     <span class='ocr_line' id='line_1_151' title="bbox 1542 2864 1892 2914; baseline -0.006 -10"><span class='ocrx_word' id='word_1_469' title='bbox 1542 2866 1693 2904; x_wconf 89' lang='lat' dir='ltr'>initium</span> <span class='ocrx_word' id='word_1_470' title='bbox 1711 2864 1892 2914; x_wconf 86' lang='lat' dir='ltr'>euangeli</span> 
     </span>
     <span class='ocr_line' id='line_1_152' title="bbox 1543 2918 1929 2971; baseline -0.008 -12"><span class='ocrx_word' id='word_1_471' title='bbox 1543 2920 1752 2971; x_wconf 85' lang='lat' dir='ltr'>premissus</span> <span class='ocrx_word' id='word_1_472' title='bbox 1770 2918 1836 2957; x_wconf 76' lang='lat' dir='ltr'>dfii</span> <span class='ocrx_word' id='word_1_473' title='bbox 1855 2929 1929 2957; x_wconf 87' lang='lat' dir='ltr'>nos</span> 
     </span>
     <span class='ocr_line' id='line_1_153' title="bbox 1544 2972 1991 3023; baseline -0.009 -10"><span class='ocrx_word' id='word_1_474' title='bbox 1544 2975 1590 3013; x_wconf 87' lang='lat' dir='ltr'>tri</span> <span class='ocrx_word' id='word_1_475' title='bbox 1609 2974 1676 3012; x_wconf 84' lang='lat' dir='ltr'>ihu</span> <span class='ocrx_word' id='word_1_476' title='bbox 1695 2973 1762 3023; x_wconf 73' lang='lat' dir='ltr'>xpi</span> <span class='ocrx_word' id='word_1_477' title='bbox 1799 2979 1838 3011; x_wconf 90' lang='lat' dir='ltr'>et</span> <span class='ocrx_word' id='word_1_478' title='bbox 1858 2972 1928 3010; x_wconf 86' lang='lat' dir='ltr'>fuit</span> <span class='ocrx_word' id='word_1_479' title='bbox 1946 2982 1991 3010; x_wconf 93' lang='lat' dir='ltr'>so</span> 
     </span>
    </p>
   </div>
   <div class='ocr_carea' id='block_1_14' title="bbox 2068 340 2519 1204">
    <p class='ocr_par' dir='ltr' id='par_1_46' title="bbox 2068 340 2519 662">
     <span class='ocr_line' id='line_1_154' title="bbox 2069 340 2519 392; baseline 0 -12"><span class='ocrx_word' id='word_1_480' title='bbox 2069 341 2164 381; x_wconf 90' lang='lat' dir='ltr'>Cius</span> <span class='ocrx_word' id='word_1_481' title='bbox 2181 341 2232 380; x_wconf 89' lang='lat' dir='ltr'>ad</span> <span class='ocrx_word' id='word_1_482' title='bbox 2251 340 2519 392; x_wconf 72' lang='lat' dir='ltr'>perfectione-</span> 
     </span>
     <span class='ocr_line' id='line_1_155' title="bbox 2069 395 2506 447; baseline -0.005 -12"><span class='ocrx_word' id='word_1_483' title='bbox 2069 397 2201 447; x_wconf 89' lang='lat' dir='ltr'>populi</span> <span class='ocrx_word' id='word_1_484' title='bbox 2221 396 2313 434; x_wconf 86' lang='lat' dir='ltr'>item</span> <span class='ocrx_word' id='word_1_485' title='bbox 2332 395 2506 434; x_wconf 89' lang='lat' dir='ltr'>inductio</span> 
     </span>
     <span class='ocr_line' id='line_1_156' title="bbox 2068 449 2507 500; baseline -0.002 -12"><span class='ocrx_word' id='word_1_486' title='bbox 2068 462 2160 488; x_wconf 90' lang='lat' dir='ltr'>nem</span> <span class='ocrx_word' id='word_1_487' title='bbox 2180 450 2360 500; x_wconf 89' lang='lat' dir='ltr'>baptismi</span> <span class='ocrx_word' id='word_1_488' title='bbox 2380 449 2507 500; x_wconf 90' lang='lat' dir='ltr'>adque</span> 
     </span>
     <span class='ocr_line' id='line_1_157' title="bbox 2069 504 2496 554; baseline 0 -12"><span class='ocrx_word' id='word_1_489' title='bbox 2069 504 2259 554; x_wconf 86' lang='lat' dir='ltr'>passionis</span> <span class='ocrx_word' id='word_1_490' title='bbox 2279 504 2405 543; x_wconf 91' lang='lat' dir='ltr'>socius</span> <span class='ocrx_word' id='word_1_491' title='bbox 2424 515 2496 553; x_wconf 89' lang='lat' dir='ltr'>pro</span> 
     </span>
     <span class='ocr_line' id='line_1_158' title="bbox 2069 558 2449 608; baseline -0.003 -12"><span class='ocrx_word' id='word_1_492' title='bbox 2069 558 2170 596; x_wconf 87' lang='lat' dir='ltr'>fecto</span> <span class='ocrx_word' id='word_1_493' title='bbox 2190 558 2449 608; x_wconf 90' lang='lat' dir='ltr'>dispositionis</span> 
     </span>
     <span class='ocr_line' id='line_1_159' title="bbox 2070 612 2427 662; baseline 0 -12"><span class='ocrx_word' id='word_1_494' title='bbox 2070 612 2290 662; x_wconf 87' lang='lat' dir='ltr'>exemplum</span> <span class='ocrx_word' id='word_1_495' title='bbox 2310 612 2427 650; x_wconf 86' lang='lat' dir='ltr'>memi</span> 
     </span>
    </p>

    <p class='ocr_par' dir='ltr' id='par_1_47' title="bbox 2071 666 2494 1041">
     <span class='ocr_line' id='line_1_160' title="bbox 2072 666 2444 716; baseline -0.003 -12"><span class='ocrx_word' id='word_1_496' title='bbox 2072 666 2128 704; x_wconf 90' lang='lat' dir='ltr'>nit</span> <span class='ocrx_word' id='word_1_497' title='bbox 2148 666 2351 704; x_wconf 88' lang='lat' dir='ltr'>malachiel</span> <span class='ocrx_word' id='word_1_498' title='bbox 2371 677 2444 716; x_wconf 93' lang='lat' dir='ltr'>pro</span> 
     </span>
     <span class='ocr_line' id='line_1_161' title="bbox 2071 719 2482 770; baseline 0 -12"><span class='ocrx_word' id='word_1_499' title='bbox 2071 720 2316 770; x_wconf 84' lang='lat' dir='ltr'>phetauimus</span> <span class='ocrx_word' id='word_1_500' title='bbox 2337 720 2384 758; x_wconf 90' lang='lat' dir='ltr'>de</span> <span class='ocrx_word' id='word_1_501' title='bbox 2402 719 2482 758; x_wconf 90' lang='lat' dir='ltr'>duo</span> 
     </span>
     <span class='ocr_line' id='line_1_162' title="bbox 2071 773 2466 824; baseline -0.003 -12"><span class='ocrx_word' id='word_1_502' title='bbox 2071 774 2197 812; x_wconf 89' lang='lat' dir='ltr'>decim</span> <span class='ocrx_word' id='word_1_503' title='bbox 2217 773 2466 824; x_wconf 89' lang='lat' dir='ltr'>postmodum</span> 
     </span>
     <span class='ocr_line' id='line_1_163' title="bbox 2071 827 2465 877; baseline 0 -11"><span class='ocrx_word' id='word_1_504' title='bbox 2071 828 2250 866; x_wconf 83' lang='lat' dir='ltr'>iohannis</span> <span class='ocrx_word' id='word_1_505' title='bbox 2269 827 2465 877; x_wconf 85' lang='lat' dir='ltr'>apostolus</span> 
     </span>
     <span class='ocr_line' id='line_1_164' title="bbox 2073 881 2494 933; baseline -0.005 -12"><span class='ocrx_word' id='word_1_506' title='bbox 2073 882 2222 933; x_wconf 89' lang='lat' dir='ltr'>scripsit</span> <span class='ocrx_word' id='word_1_507' title='bbox 2240 881 2494 932; x_wconf 71' lang='lat' dir='ltr'>apocalypsi*</span> 
     </span>
     <span class='ocr_line' id='line_1_165' title="bbox 2073 935 2480 986; baseline -0.005 -11"><span class='ocrx_word' id='word_1_508' title='bbox 2073 937 2113 975; x_wconf 92' lang='lat' dir='ltr'>in</span> <span class='ocrx_word' id='word_1_509' title='bbox 2133 936 2258 975; x_wconf 89' lang='lat' dir='ltr'>insula</span> <span class='ocrx_word' id='word_1_510' title='bbox 2278 942 2412 986; x_wconf 89' lang='lat' dir='ltr'>patmo</span> <span class='ocrx_word' id='word_1_511' title='bbox 2431 935 2480 974; x_wconf 92' lang='lat' dir='ltr'>de</span> 
     </span>
     <span class='ocr_line' id='line_1_166' title="bbox 2071 989 2426 1041; baseline -0.006 -12"><span class='ocrx_word' id='word_1_512' title='bbox 2071 991 2162 1030; x_wconf 91' lang='lat' dir='ltr'>inde</span> <span class='ocrx_word' id='word_1_513' title='bbox 2181 989 2426 1041; x_wconf 85' lang='lat' dir='ltr'>euangelium</span> 
     </span>
    </p>

    <p class='ocr_par' dir='ltr' id='par_1_48' title="bbox 2072 1045 2213 1084">
     <span class='ocr_line' id='line_1_167' title="bbox 2072 1045 2213 1084; baseline 0 -1"><span class='ocrx_word' id='word_1_514' title='bbox 2072 1045 2113 1083; x_wconf 91' lang='lat' dir='ltr'>in</span> <span class='ocrx_word' id='word_1_515' title='bbox 2133 1045 2213 1084; x_wconf 90' lang='lat' dir='ltr'>asia</span> 
     </span>
    </p>

    <p class='ocr_par' dir='ltr' id='par_1_49' title="bbox 2071 1097 2468 1204">
     <span class='ocr_line' id='line_1_168' title="bbox 2071 1097 2468 1149; baseline -0.005 -11"><span class='ocrx_word' id='word_1_516' title='bbox 2071 1099 2171 1138; x_wconf 91' lang='lat' dir='ltr'>Item</span> <span class='ocrx_word' id='word_1_517' title='bbox 2191 1099 2299 1137; x_wconf 90' lang='lat' dir='ltr'>lucas</span> <span class='ocrx_word' id='word_1_518' title='bbox 2318 1097 2468 1149; x_wconf 89' lang='lat' dir='ltr'>scripsit</span> 
     </span>
     <span class='ocr_line' id='line_1_169' title="bbox 2071 1153 2464 1204; baseline -0.008 -11"><span class='ocrx_word' id='word_1_519' title='bbox 2071 1160 2179 1193; x_wconf 89' lang='lat' dir='ltr'>actus</span> <span class='ocrx_word' id='word_1_520' title='bbox 2198 1153 2464 1204; x_wconf 90' lang='lat' dir='ltr'>apostolorum</span> 
     </span>
    </p>
   </div>
   <div class='ocr_carea' id='block_1_15' title="bbox 2177 1259 2476 1529">
    <p class='ocr_par' dir='ltr' id='par_1_50' title="bbox 2177 1259 2476 1529">
     <span class='ocr_line' id='line_1_170' title="bbox 2177 1259 2476 1311; baseline -0.01 -10"><span class='ocrx_word' id='word_1_521' title='bbox 2177 1260 2322 1301; x_wconf 87' lang='lat' dir='ltr'><strong><em>EXPL</em></strong></span> <span class='ocrx_word' id='word_1_522' title='bbox 2343 1281 2352 1291; x_wconf 88' lang='lat'>-</span> <span class='ocrx_word' id='word_1_523' title='bbox 2372 1259 2476 1311; x_wconf 72' lang='lat' dir='ltr'>AR(</span> 
     </span>
     <span class='ocr_line' id='line_1_171' title="bbox 2185 1368 2438 1420; baseline 0.004 -12"><span class='ocrx_word' id='word_1_524' title='bbox 2185 1368 2438 1420; x_wconf 77' lang='lat' dir='ltr'><em>GU&lt;MEN</em></span> 
     </span>
     <span class='ocr_line' id='line_1_172' title="bbox 2183 1477 2366 1529; baseline 0 -13"><span class='ocrx_word' id='word_1_525' title='bbox 2183 1477 2366 1529; x_wconf 67' lang='lat' dir='ltr'>&lt;TUM-1</span> 
     </span>
    </p>
   </div>
   <div class='ocr_carea' id='block_1_16' title="bbox 2182 1724 2483 2090">
    <p class='ocr_par' dir='ltr' id='par_1_51' title="bbox 2183 1724 2395 1765">
     <span class='ocr_line' id='line_1_173' title="bbox 2183 1724 2395 1765; baseline 0 -1"><span class='ocrx_word' id='word_1_526' title='bbox 2183 1724 2395 1765; x_wconf 89' lang='lat' dir='ltr'>INCIPIT</span> 
     </span>
    </p>

    <p class='ocr_par' dir='ltr' id='par_1_52' title="bbox 2182 1832 2483 2090">
     <span class='ocr_line' id='line_1_174' title="bbox 2182 1832 2480 1885; baseline -0.003 -12"><span class='ocrx_word' id='word_1_527' title='bbox 2182 1832 2480 1885; x_wconf 57' lang='grc' dir='ltr'>ιινΛΝςΘικ</span> 
     </span>
     <span class='ocr_line' id='line_1_175' title="bbox 2184 1908 2483 1993; baseline -0.007 -11"><span class='ocrx_word' id='word_1_528' title='bbox 2184 1909 2458 1993; x_wconf 42' lang='grc' dir='ltr'>ἸᾹνΜζέιιΟ</span> <span class='ocrx_word' id='word_1_529' title='bbox 2474 1908 2483 1918; x_wconf 49' lang='grc'><strong>.</strong></span> 
     </span>
     <span class='ocr_line' id='line_1_176' title="bbox 2183 2016 2482 2090; baseline -0.007 0"><span class='ocrx_word' id='word_1_530' title='bbox 2183 2016 2482 2090; x_wconf 64' lang='grc' dir='ltr'>ἰνὸΑΛΞιηιὶ</span> 
     </span>
    </p>
   </div>
  </div>
 </body>
</html>
