2866 3346
507 229 557 268 28

507 315 591 347 1¹01.
610 315 667 347 55.

505 358 557 396 Et
576 359 757 397 tenebrae
776 358 853 397 iam
873 357 934 396 fac

506 419 590 450 tum
611 419 692 451 erat
710 419 748 451 et
767 425 847 451 non
868 424 966 450 uene

506 474 565 505 rat
580 467 629 505 ad
644 479 711 505 eos
726 467 785 504 ihs
800 466 940 504 ¹⁸mare
957 477 1007 503 au

505 527 583 558 tem
603 527 722 559 uento
741 532 885 570 magno

505 574 621 613 flante
641 575 862 624 insurgebat

505 627 642 667 ¹⁹Cum
655 629 876 678 remigasset
888 634 1007 666 aute*

504 683 616 732 quasi
635 683 757 720 stadia
776 682 923 733 uiginq·

502 736 567 774 uel
586 736 741 786 triginta
759 737 892 774 uident

503 791 584 828 ihm
604 791 867 829 ambulantem
888 802 934 829 su

503 857 574 895 pra
593 857 699 883 mare
822 850 860 883 et
880 857 952 894 pro

503 900 652 937 ximum
671 899 763 937 naui
783 899 864 937 fieri
883 906 921 937 et

503 954 713 991 timuerunt

502 1007 532 1030 ²⁰
539 1007 608 1045 Ille
615 1014 744 1045 autem
758 1007 849 1045 dicit
861 1006 915 1044 eis
927 1006 1006 1044 noli

502 1067 541 1099 te
561 1061 695 1099 timere
715 1072 790 1111 ego
810 1072 897 1098 sum

503 1114 758 1153 ²¹U01uerunt
778 1126 871 1164 ergo
890 1113 976 1152 adei

501 1181 593 1220 pere
612 1181 702 1207 eum
722 1169 762 1206 in
782 1169 872 1206 naui
892 1174 930 1206 et

502 1223 709 1262 confestim
730 1223 840 1261 nauis
858 1223 920 1260 fac

500 1283 541 1316 ta
559 1284 616 1316 est
635 1277 684 1316 ad
704 1284 802 1316 terra
820 1288 940 1328 quam

501 1332 610 1371 ibant

500 1384 670 1424 ²²Altera
689 1385 750 1424 die
769 1385 882 1423 turba
905 1397 1004 1435 quae

502 1440 628 1478 stabat
646 1446 749 1477 trans
768 1451 874 1477 mare

501 1494 598 1532 uidit
617 1494 709 1545 quia
728 1493 906 1532 nauicula

501 1548 575 1587 alia
594 1560 675 1586 non
695 1554 776 1586 erat
795 1548 846 1585 ibi
867 1547 938 1585 nisi

501 1613 580 1641 una
598 1609 634 1641 et
654 1602 745 1653 quia
763 1614 843 1640 non
863 1601 977 1640 introi

501 1688 570 1728 Uit
589 1689 648 1728 ihs
668 1689 782 1728 simul
801 1700 891 1727 cum
907 1688 966 1727 dis

500 1744 636 1794 cipulis
656 1744 733 1782 suis
753 1744 792 1781 in
811 1755 955 1781 nauem

501 1798 570 1837 sed
589 1798 660 1836 soli
680 1797 858 1847 discipuli
877 1798 960 1837 eius

500 1852 600 1891 mani
619 1864 713 1891 uero
732 1863 949 1902 superuene

500 1914 588 1945 runt
607 1918 728 1944 naues
748 1918 771 1944 a
789 1906 922 1945 tiberia

501 1960 549 1999 de
569 1962 675 1999 iuxta
693 1961 824 1999 locum
842 1961 910 1999 ubi

500 2016 835 2053 manducauerunt

501 2081 644 2119 panem
664 2080 782 2119 quem
802 2069 902 2107 bene

500 2123 649 2161 dixerat
667 2124 754 2160 dfiis

500 2176 640 2216 2⁴Cum
659 2188 754 2226 ergo
772 2176 958 2214 uidissent

500 2232 635 2269 turbae
655 2231 747 2281 quia
766 2230 824 2268 ihs
844 2242 925 2268 non

499 2291 602 2324 esset
621 2285 673 2323 ibi
691 2296 816 2334 neque
837 2284 896 2322 dis

500 2339 618 2390 cipuli
637 2339 721 2378 eius
739 2350 881 2388 accepe

500 2400 589 2432 runt
609 2393 682 2432 sibi
701 2392 896 2432 confesti-

501 2447 723 2486 nauiculam

499 2501 552 2540 Et
569 2507 759 2541 uenerunt
777 2512 896 2550 capar

500 2567 620 2594 naum
796 2558 949 2605 quere-

500 2615 560 2648 tes
579 2610 659 2647 ihm
677 2608 752 2648 “et
771 2621 862 2648 cum
882 2609 972 2646 inue

502 2663 647 2702 nissent
666 2675 757 2702 eum
775 2670 882 2701 trans

501 2728 609 2756 mare
629 2717 809 2755 dixerunt
829 2717 864 2755 ei

502 2771 612 2810 rabbi
631 2771 788 2822 quando
806 2770 869 2810 hic
888 2769 927 2809 fu

501 2824 563 2864 isti

501 2878 756 2929 2⁶Respondit
767 2877 823 2916 eis
840 2877 899 2916 ihs
915 2884 952 2916 et
966 2877 1005 2916 di

502 2933 559 2973 xit
577 2943 694 2971 amen
713 2942 830 2971 amen
849 2932 937 2970 dico

737 224 1154 267 EUANG'ELIUM
1184 224 1296 266 SEC

1041 355 1167 395 Uobis
1187 354 1369 406 quaeritis
1388 365 1452 394 me

1040 423 1122 449 non
1142 411 1233 461 quia
1251 409 1400 448 uidistis

1042 466 1153 514 signa
1173 464 1242 503 sed
1261 464 1352 514 quia
1370 471 1466 501 ma-

1042 519 1210 557 ducastis
1229 531 1275 556 ex
1297 518 1462 568 panibus

1043 580 1081 611 et
1101 573 1258 611 saturati
1277 572 1368 610 estis

1041 626 1289 677 ²⁷operamini
1309 638 1388 664 non
1407 626 1524 664 cibu-

1042 682 1108 732 qui
1127 681 1224 731 perit
1244 680 1312 718 sed
1332 680 1397 730 qui
1417 693 1486 730 per

1040 742 1172 773 manet
1191 735 1230 773 in
1248 735 1368 772 uitam
1387 746 1433 772 ae

1041 796 1193 827 ternam
1303 800 1421 838 quem

1041 844 1139 881 filius
1159 842 1324 881 hominis
1344 842 1409 881 dat

1040 897 1153 935 uobis
1172 897 1275 935 hunc
1295 897 1399 934 enim

1040 958 1151 1001 pater
1174 951 1340 1001 signauit
1359 950 1408 988 ds

1040 1005 1265 1042 ²⁸Dixerunt
1283 1016 1378 1054 ergo
1398 1003 1448 1042 ad
1463 1015 1512 1041 eu

1040 1058 1134 1110 quid
1154 1058 1338 1097 faciemus
1355 1064 1398 1096 ut

1041 1124 1248 1163 operemur
1268 1124 1388 1162 opera
1402 1110 1443 1149 di

1040 1166 1290 1217 ²⁹respondes
1310 1166 1368 1205 ihs
1387 1172 1426 1204 et
1446 1165 1485 1203 di

1039 1222 1095 1260 xit
1114 1222 1168 1259 eis
1189 1221 1265 1259 hoc
1285 1227 1341 1259 est
1362 1232 1461 1270 opus

1037 1275 1078 1313 di
1098 1282 1138 1313 ut
1158 1275 1323 1314 credatis
1342 1275 1382 1312 in
1401 1279 1482 1312 eu-

1039 1330 1106 1378 qui
1125 1341 1190 1367 me
1209 1330 1312 1367 misit
1331 1328 1391 1366 ille

1037 1383 1268 1421 ³⁰Dixerunt
1287 1395 1379 1432 ergo
1399 1382 1434 1421 ei

1039 1438 1146 1488 quod
1165 1449 1259 1487 ergo
1279 1443 1320 1474 tu
1341 1437 1433 1475 sacis

1039 1492 1192 1542 signum
1212 1499 1253 1529 ut
1271 1491 1471 1529 uideamus

1039 1552 1076 1584 et
1097 1545 1298 1584 credamus
1319 1546 1387 1583 tibi

1039 1600 1131 1651 quid
1150 1601 1254 1638 enirn
1274 1599 1446 1650 operaris

1513 1010 1545 1017 -ι

1038 1687 1065 1709 ⁸¹
1074 1687 1207 1726 Nostri
1226 1693 1353 1737 patres
1372 1694 1467 1726 ma'·

1039 1741 1276 1780 ducauerunt
1295 1753 1388 1778 man

1038 1808 1130 1834 nam
1151 1796 1190 1833 in
1210 1795 1363 1834 deserto
1383 1796 1483 1834 sicut

1035 1850 1219 1900 scriptum
1238 1855 1296 1887 est
1436 1862 1488 1900 pa

1036 1916 1127 1942 nem
1147 1904 1196 1942 de
1216 1903 1301 1942 celo
1321 1902 1424 1942 dedit

1036 1959 1092 1997 eis
1112 1958 1348 1996 manducare

1035 2010 1178 2050 ³²Dixit
1189 2024 1285 2062 ergo
1298 2011 1540 2050 eisihsame‘

1036 2078 1151 2105 amen
1171 2066 1259 2104 dico
1278 2066 1391 2104 uobis

1037 2133 1193 2171 moyses
1213 2120 1316 2158 dedit
1334 2120 1447 2158 uobis

1036 2187 1180 2225 panem
1202 2175 1249 2212 de
1270 2174 1378 2213 caelo
1400 2174 1468 2212 sed

1036 2235 1147 2279 pater
1166 2241 1276 2267 meus
1296 2228 1362 2266 dat
1382 2228 1495 2266 uobis

1037 2295 1180 2333 panem
1201 2283 1250 2320 de
1270 2282 1354 2320 celo
1372 2282 1454 2320 illut

1035 2348 1172 2374 uerum
1192 2336 1267 2373 ³³di
1287 2337 1391 2374 enim
1410 2348 1462 2386 pa

1037 2391 1097 2429 nis
1117 2397 1174 2428 est
1193 2391 1260 2440 qui
1281 2390 1327 2428 de
1347 2390 1432 2429 celo

1037 2445 1237 2483 descendit
1256 2451 1293 2482 et
1308 2444 1427 2482 uitam

1036 2499 1102 2537 dat
1122 2498 1210 2537 huic
1229 2498 1377 2536 mundo

1036 2552 1264 2590 ⁸⁴Dixerunt
1283 2563 1376 2602 ergo
1396 2551 1446 2590 ad

1037 2619 1128 2646 eum
1149 2607 1224 2645 dx‘ie
1243 2618 1397 2656 semper

1037 2661 1088 2700 da
1106 2661 1219 2699 nobis
1238 2660 1340 2698 hunc
1359 2665 1490 2710 pane*

1037 2715 1225 2754 ”Etdixit
1237 2715 1292 2753 eis
1301 2714 1358 2752 ihs
1371 2725 1446 2764 ego
1453 2725 1538 2752 sum

1037 2769 1150 2821 panis
1169 2769 1272 2807 uitae
1435 2768 1501 2819 qui

1039 2824 1146 2862 uenit
1165 2823 1215 2862 ad
1234 2834 1298 2861 me
1316 2834 1399 2861 non

1039 2878 1179 2916 esuriet
1341 2883 1380 2914 et
1401 2875 1467 2926 qui

1037 2931 1157 2970 credit
1176 2931 1216 2969 in
1235 2942 1299 2969 me
1318 2942 1399 2969 non
1418 2931 1450 2969 si

1991 224 2023 264 I
2022 225 2091 265 OA
2097 224 2287 265 DNEM

1615 312 1698 344 1¹01.
1714 313 1761 343 55
1777 310 1837 344 bts.

1614 355 1705 393 Tiet
1724 367 1911 406 umquam
1930 355 2032 394 ³⁶sed

1614 410 1693 448 dixi
1713 410 1824 447 uobis
1844 410 1935 460 quia
1954 416 1992 448 et
2010 410 2049 448 ui

1615 463 1720 502 distis
1740 475 1803 502 me
1824 471 1861 502 et
1879 476 1960 502 non
1979 476 2042 502 cre

1614 517 1763 555 didistis

1613 571 1780 611 ³⁷Omne
1800 570 1906 621 quod
1926 571 1992 610 dat
2010 571 2105 611 mihi

1614 632 1722 676 pater
1740 626 1789 663 ad
1809 637 1871 663 me
1892 626 2020 673 ueniet

1614 687 1652 718 et
1671 692 1759 717 eum
1779 680 1845 730 qui
1865 680 1970 718 uenit
1989 679 2040 718 ad

1614 746 1678 772 me
1698 746 1780 772 non
1799 734 1894 772 eicio
1913 733 2017 772 foras

1613 787 1641 808 ³⁸
1649 788 1740 838 quia
1759 788 1959 826 descendit
1976 788 2026 826 de

1614 843 1722 880 caelo
1920 854 2002 881 non
2020 848 2063 881 ut

1614 896 1751 934 faciam
1771 895 1998 934 uoluntate-

1613 950 1681 988 sed
1699 950 1939 988 uoluntatem
1958 950 2040 988 eius

1613 1005 1678 1054 qui
1697 1016 1761 1042 me
1780 1004 1884 1042 misit
1903 1010 2032 1054 patres

1611 1057 1759 1096 ³⁹Haec
1775 1065 1832 1096 est
1851 1066 1978 1096 autem
1993 1058 2118 1097 uolu-

1613 1119 1670 1150 tas
1689 1112 1770 1151 eius
1789 1112 1855 1162 qui
1874 1124 1937 1151 me
1957 1113 2060 1151 misit

1614 1173 1742 1217 patres
1761 1173 1802 1204 ut
1822 1179 1940 1205 omne
1958 1167 2065 1216 quod

1613 1220 1718 1259 dedit
1737 1220 1831 1258 mihi
1851 1228 1959 1270 pater
1979 1227 2062 1259 no-

1612 1274 1771 1324 perdam
1791 1274 1883 1312 nihil
1903 1287 1951 1312 ex
1971 1287 2019 1313 eo

1612 1328 1681 1367 sed
1700 1329 1900 1367 resuscitet
1919 1329 2015 1366 illu-

1610 1383 1649 1420 in
1670 1383 1880 1421 nouissima
1899 1383 1961 1420 die

1609 1437 1759 1475 ⁴⁰Haec
1777 1443 1835 1475 est
1853 1437 1958 1474 enim
1977 1437 2104 1475 uolu‘·

1611 1498 1668 1529 tas
1688 1491 1805 1541 patris
1824 1491 1900 1529 mei
1920 1491 1986 1541 qui
2006 1503 2069 1530 me

1610 1545 1713 1583 misit
1733 1551 1773 1582 ut
1793 1545 1920 1583 omnis
1940 1545 2006 1595 qui

1609 1599 1714 1637 uidet
1732 1599 1853 1637 filium
1871 1605 1908 1637 et
1928 1611 1992 1637 cre

1610 1684 1677 1722 Dit
1696 1685 1737 1722 in
1757 1697 1846 1723 eum
1866 1685 2007 1724 habeat

1610 1739 1728 1777 uitam
1749 1747 1945 1777 aeternam

1611 1799 1649 1832 et
1667 1805 1743 1843 ego
1763 1794 2000 1832 resuscitabo

1611 1859 1702 1885 eum
1721 1848 1761 1886 in
1781 1848 1994 1887 nouissima

1611 1902 1674 1940 die

1611 1955 1639 1977 ⁴¹
1647 1955 1946 1994 Murmurabant
1965 1969 2006 1995 er

1611 2021 1664 2060 go
1684 2010 1784 2048 iudei
1806 2010 1854 2048 de
1873 2011 1939 2048 illo
1958 2011 2048 2062 quia

1611 2064 1706 2102 dixit
1725 2076 1801 2114 ego
1821 2076 1907 2102 sum
1928 2066 2040 2114 panis

1611 2119 1676 2168 qui
1697 2118 1744 2156 de
1763 2119 1870 2157 caelo
1890 2118 2035 2158 desce'·

1611 2173 1650 2210 di
1881 2172 1952 2211 ‘’et
1971 2174 2056 2212 dice

1609 2227 1703 2265 bant
1723 2239 1855 2265 nonne
1875 2226 1936 2265 hic
1954 2234 2011 2266 est

1609 2281 1669 2319 ihs
1806 2281 1904 2319 filius
1919 2280 2056 2332 ioseph

1609 2346 1718 2373 cuius
1737 2347 1808 2374 nos
1827 2347 2009 2374 nouimus

1608 2396 1755 2438 patrem
1775 2396 1812 2427 et
1830 2395 1992 2427 matrem

1610 2443 1811 2493 quomodo
1831 2454 1925 2492 ergo
1946 2442 1984 2480 di

1609 2497 1660 2535 cit
1679 2497 1769 2547 quia
1787 2497 1836 2534 de
1853 2496 1962 2536 caelo

1609 2550 1810 2588 descendit

1609 2603 1863 2654 ⁴‘'Respondit
1881 2616 1976 2655 ergo
1996 2603 2055 2643 ihs

1608 2665 1646 2697 et
1666 2658 1761 2697 dixit
1780 2659 1836 2697 eis
1946 2659 2026 2697 noli

1608 2720 1645 2752 te
1665 2725 1903 2751 murmurare
1922 2712 1963 2751 in

1608 2767 1733 2805 uicem
1842 2767 1993 2806 “nemo

1607 2827 1733 2871 potest
1751 2821 1801 2860 ad
1820 2833 1884 2860 me
1902 2821 1992 2859 ueni

1608 2887 1648 2914 re
1668 2875 1741 2913 nisi
1757 2883 1865 2925 pater
1884 2875 1950 2925 qui
1968 2887 2031 2914 me

1610 2929 1711 2968 misit
1729 2930 1937 2968 adtraxerit

2429 223 2497 281 [vr.
2524 240 2646 278 17-53.

2146 355 2249 395 Eum
2269 362 2306 396 et
2325 369 2399 407 ego
2419 358 2563 397 resusci

2147 412 2238 449 tabo
2258 423 2347 449 eum
2368 412 2407 450 in
2427 413 2541 450 nouis

2147 466 2244 503 sima
2262 465 2325 504 die
2439 466 2649 516 ⁴“scriptu-

2147 525 2206 557 est
2225 519 2330 557 enim
2350 519 2389 556 in
2408 520 2607 570 prophetis

2148 579 2186 610 et
2205 580 2316 611 erunt
2334 584 2473 612 omnes
2493 574 2546 612 do

2148 626 2267 665 cibilis
2286 626 2326 664 di

2150 680 2290 719 Omnis
2304 681 2370 731 qui
2389 681 2535 720 audiuit
2555 694 2578 720 a
2598 694 2649 733 pa

2149 740 2206 772 tre
2225 741 2263 772 et
2282 735 2412 773 didicit
2432 736 2538 774 uenit

2150 788 2201 826 ad
2221 801 2284 827 me
2356 789 2471 827 ⁴⁶non
2492 789 2581 839 quia
2599 802 2650 840 pa

2149 849 2247 880 trem
2266 842 2471 893 quisquam
2490 843 2530 881 ui

2151 896 2205 934 dit
2225 897 2296 935 nisi
2316 898 2381 947 qui
2405 904 2461 935 est
2481 909 2505 935 a
2523 896 2578 936 do

2150 950 2212 989 hic
2228 951 2321 988 uidit
2339 958 2488 1001 patrem

2150 1005 2314 1043 ⁴⁷Amen
2333 1017 2448 1043 amen
2467 1005 2554 1043 dico
2574 1017 2627 1044 uo

2150 1059 2209 1097 bis
2229 1059 2295 1109 qui
2314 1060 2434 1098 credit
2453 1059 2492 1097 in
2511 1071 2576 1098 me

2149 1112 2266 1152 habet
2284 1114 2404 1151 uitam
2423 1121 2525 1152 aeter

2148 1179 2241 1205 nam

2148 1221 2269 1271 ⁴⁸Eg0
2289 1233 2376 1260 sum
2395 1221 2506 1271 panis
2525 1221 2628 1260 uitae

2147 1276 2176 1296 ⁴⁹
2184 1282 2310 1326 patres
2329 1276 2443 1314 uestri
2463 1287 2556 1314 man

2148 1329 2384 1368 ducauerunt
2404 1330 2444 1367 in
2464 1330 2513 1367 de

2148 1391 2247 1422 serto
2266 1396 2411 1422 manna
2429 1389 2466 1422 et
2485 1395 2573 1422 mor

2148 1438 2203 1475 tui
2223 1444 2313 1476 sunt

2149 1492 2263 1530 ‘⁰Hic
2283 1498 2341 1530 est
2360 1497 2490 1529 autem
2509 1491 2621 1542 panis

2148 1546 2215 1595 qui
2234 1545 2281 1584 de
2299 1545 2406 1584 caelo
2426 1545 2568 1584 descen

2149 1600 2204 1638 dit
2325 1607 2368 1638 ut
2387 1599 2418 1637 si
2437 1600 2524 1650 quis
2543 1612 2591 1638 ex
2610 1600 2650 1651 ip

2150 1685 2204 1725 So
2224 1686 2513 1726 manducauerit

2148 1753 2230 1778 non
2249 1742 2433 1780 moriatur

2148 1794 2271 1845 ⁶¹Ego
2290 1807 2376 1833 sum
2397 1806 2517 1845 panes
2535 1795 2649 1835 uiuus

2147 1850 2213 1898 qui
2233 1849 2282 1887 de
2302 1849 2411 1888 caelo
2432 1850 2575 1888 descen

2147 1904 2201 1941 dit
2220 1903 2252 1941 si
2271 1904 2355 1954 quis
2374 1904 2567 1942 manduca

2146 1958 2243 1995 uerit
2259 1969 2307 1995 ex
2327 1957 2402 1996 hoc
2422 1969 2565 2007 panem

2147 2012 2252 2049 uiuet
2270 2011 2310 2049 in
2329 2018 2506 2049 eternum

2145 2072 2184 2103 et
2204 2065 2265 2103 hic
2284 2066 2394 2115 panis
2414 2077 2531 2116 quem
2551 2077 2628 2116 ego

2146 2119 2250 2158 dabo
2268 2131 2360 2158 caro
2379 2131 2467 2157 mea
2486 2127 2543 2158 est

2145 2185 2217 2223 pro
2236 2173 2350 2213 huius
2369 2174 2504 2212 mundi
2523 2174 2562 2212 ui

2144 2234 2184 2266 ta

2144 2281 2401 2332 ⁵²Litigabant
2420 2293 2513 2331 ergo
2532 2281 2634 2320 iudei

2144 2336 2194 2374 ad
2213 2336 2379 2374 inuicem
2399 2335 2514 2374 dicen

2143 2396 2202 2428 tes
2366 2389 2567 2440 quomodo

2144 2450 2271 2494 potest
2289 2443 2351 2482 hic
2371 2444 2484 2482 nobis
2501 2455 2568 2482 car

2144 2510 2235 2536 nem
2254 2498 2345 2536 dare
2363 2497 2511 2536 mandu

2145 2564 2234 2591 care

2144 2605 2522 2645 ⁸³Aitautemillisihs
2530 2612 2647 2645 ame-

2145 2672 2262 2699 amen
2281 2661 2369 2699 dico
2388 2661 2500 2699 uobis
2520 2661 2560 2698 ni

2146 2715 2179 2754 si
2197 2714 2520 2753 manducaueritis

2146 2780 2303 2807 carnem
2322 2768 2374 2806 fili
2392 2767 2499 2806 homi

2146 2823 2207 2860 nis
2227 2828 2264 2860 et
2283 2821 2452 2860 biberitis
2471 2833 2542 2859 san

2144 2876 2301 2926 guinem
2319 2875 2402 2913 eius
2421 2887 2501 2913 non
2521 2874 2609 2913 habi

2145 2931 2193 2968 tis
2212 2930 2331 2968 uitam
2350 2929 2390 2967 in
2409 2929 2522 2968 uobis
2536 2929 2627 2979 ipsis

2567 2995 2592 3022 x
