2820 3334
318 215 352 241 v.
377 214 496 240 12-v1.
518 198 567 253 7.]
624 197 1041 238 EUANGELIIJM
1063 197 1174 236 SEC

317 289 402 319 Pol.
419 290 500 319 103.

317 331 407 369 Dr‘ie
427 333 458 369 si
478 331 535 368 uis
555 336 665 380 potes
685 342 748 367 me

317 386 506 423 mundare
526 384 596 422 ¹³et
617 384 802 422 extendes

317 452 478 477 manum
498 439 620 489 tetigit
639 439 747 476 illum

317 494 450 532 dicens
470 494 562 531 uolo
581 493 769 530 mundare

316 554 354 586 et
375 547 579 586 confestim
599 548 704 597 lepra
724 547 805 585 eius

317 602 488 640 discessit
504 602 552 640 ab
569 602 632 640 illo
649 600 721 639 14ct
737 602 818 650 ipse

315 656 486 706 precepit
505 656 557 693 illi
576 663 617 693 ut
637 656 782 693 nemini

316 710 459 749 diceret
497 710 566 748 sed
585 710 683 748 uade
703 722 747 748 os

315 765 431 802 tende
452 771 489 802 te
510 764 773 803 sacerdotibus

315 827 353 856 et
374 819 490 856 offers
511 831 556 868 pr
575 818 746 857 emunda

313 873 462 910 tionem
482 880 588 911 tuam
608 873 706 911 sicut

314 927 510 976 praecepit
530 939 685 976 moyses
706 932 746 964 ut

314 981 363 1018 sit
384 982 423 1019 in
443 981 704 1020 testimonium

313 1034 389 1073 hoc
409 1036 522 1073 uobis

314 1088 649 1127 ¹⁵Perambulabat
670 1095 800 1126 autem

313 1144 438 1192 magis
459 1155 586 1180 sermo
607 1143 655 1180 de
675 1143 739 1180 illo

314 1205 353 1235 et
373 1198 661 1235 conueniebant
681 1203 742 1234 tur

313 1252 385 1289 bae
405 1251 547 1288 multae
566 1257 608 1288 ut
628 1251 716 1288 audi

312 1311 397 1343 rent
416 1318 506 1343 eum
526 1311 563 1342 et
583 1312 746 1343 curare*

314 1366 376 1397 tur
395 1361 444 1398 ab
464 1359 748 1398 infirmitatibus

311 1415 390 1452 suis

312 1467 436 1518 16Ipse
453 1474 581 1505 autem
598 1468 757 1507 sedebat
776 1468 816 1506 in

312 1522 465 1560 deserto
485 1529 522 1560 et
542 1524 676 1560 orabat
722 1520 816 1575 [una

313 1586 362 1613 XI
396 1576 487 1614 ”Et
506 1577 660 1627 sactum
694 1582 746 1615 est
777 1579 817 1615 in

312 1663 475 1702 Dierum
495 1671 532 1701 et
552 1664 632 1713 ipse
654 1676 695 1701 se

314 1718 430 1756 debat
451 1719 596 1757 docens
617 1725 654 1755 et

311 1780 419 1810 erant
439 1773 604 1822 pharisei
623 1772 676 1810 do

311 1834 442 1864 centes
462 1833 499 1864 et
518 1827 614 1876 legis
634 1826 708 1865 doc

311 1887 417 1919 tores
438 1882 502 1931 qui
522 1888 710 1918 uenerant

309 1947 358 1973 ex
380 1936 487 1973 omni
507 1936 662 1973 castello
683 1948 733 1985 ga

310 1989 420 2028 lileae
440 1996 477 2027 et
497 1990 656 2028 iudaeae
677 1996 714 2027 et

309 2043 543 2082 iherusalem
563 2050 600 2081 et
620 2045 741 2082 uirtus

310 2104 391 2136 erat
412 2099 478 2137 (1ῆί
497 2098 546 2136 ad
567 2099 765 2137 sanandos

309 2165 378 2190 eos
559 2151 631 2190 18et
651 2165 695 2191 ec

309 2219 354 2245 ce
373 2206 444 2244 uiri
463 2213 662 2256 portantes
682 2208 722 2244 in

310 2260 412 2300 lecto
433 2260 634 2300 hominem
655 2261 721 2311 qui

310 2321 389 2353 erat
408 2316 638 2365 paralyticus
676 2322 714 2353 et

310 2368 523 2418 querebant
542 2383 632 2408 eum
652 2370 693 2407 in

309 2423 407 2460 ferre
428 2430 464 2460 et
484 2436 629 2473 ponere
650 2436 700 2461 an

310 2483 347 2514 te
368 2489 458 2514 eum
477 2477 550 2514 ¹⁹et
569 2490 650 2516 non
669 2477 796 2515 inueni

310 2537 420 2569 entes
440 2543 516 2580 qua
535 2538 644 2580 parte
664 2544 754 2569 eum

310 2585 492 2623 inferrent
512 2597 579 2634 pre
600 2586 731 2623 turbas

311 2639 567 2677 ascenderunt
587 2650 701 2688 supra

309 2700 456 2732 tectum
476 2700 513 2730 et
533 2705 602 2742 per
621 2699 713 2742 tegu

310 2748 367 2786 las
388 2748 660 2785 summiserunt
680 2747 705 2784 il

309 2803 391 2840 lum
410 2814 499 2840 curn
519 2802 619 2840 lecto
638 2802 679 2839 in

308 2856 439 2894 medio
459 2862 548 2894 ante
568 2857 648 2893 ihm

312 2911 340 2932 ²⁰
349 2910 529 2958 Quorum
550 2911 665 2949 fidem
685 2916 726 2948 ut
747 2910 784 2948 ui

855 329 923 367 Dit
942 329 1001 367 ihs
1022 329 1116 367 dixit
1136 329 1257 366 homo

854 384 1012 422 remissa
1033 389 1122 422 sunt
1142 383 1210 421 tibi
1229 394 1302 432 pec

853 445 940 476 cata
959 445 1023 476 tua

854 492 939 531 21Εῖ
958 497 1165 541 coeperunt
1185 491 1272 540 cogi

854 553 934 585 tare
955 547 1102 585 scribae
1122 552 1160 583 et
1178 545 1255 595 pha

853 602 940 639 risei
978 601 1017 638 in
1038 600 1219 638 cordibus

853 656 932 694 suis
952 655 1123 693 dicentes
1143 654 1229 704 quis

852 717 909 747 est
929 709 988 747 hic
1009 709 1074 759 qui
1093 708 1263 758 loquitur

851 763 1111 813 blasphemias
1130 763 1215 812 quis

852 824 980 868 potest
1001 817 1190 855 dimittere
1211 828 1283 866 pec

853 879 981 910 catum
1002 872 1073 909 nisi
1093 871 1197 909 solus
1217 870 1265 908 ds

853 927 880 947 ²2
889 926 942 964 Ut
963 926 1147 975 cognouit
1166 932 1297 963 autem

853 981 911 1018 ihs
932 980 1186 1030 cogitationes
1205 992 1253 1018 eo

853 1048 938 1073 rum
958 1035 1053 1072 dixit
1073 1034 1122 1072 ad
1142 1034 1226 1072 illos

854 1089 946 1139 quid
967 1089 1143 1138 cogitatis
1163 1089 1201 1125 in
1221 1100 1289 1126 cor

855 1144 967 1182 dibus
987 1143 1125 1181 uestr1s
1162 1141 1290 1193 ²³quid

853 1205 910 1236 est
929 1198 1079 1235 facilius
1100 1197 1227 1234 dicere

851 1252 1013 1290 remissa
1033 1257 1122 1289 sunt
1141 1251 1208 1288 tibi

852 1312 1013 1356 peccata
1033 1313 1100 1342 tua
1155 1311 1221 1343 aut

850 1361 976 1399 dicere
996 1372 1108 1409 surge
1128 1366 1166 1397 et

851 1415 1009 1453 ambula
1081 1415 1159 1452 2⁴ut
1179 1414 1233 1452 sci

852 1470 922 1507 atis
941 1476 1071 1507 autem
1093 1469 1183 1519 quia
1203 1468 1228 1505 fi

851 1523 924 1561 lius
944 1523 1111 1562 hominis
1131 1523 1246 1560 habet

851 1584 1082 1628 potestatem
1102 1578 1142 1614 in
1161 1580 1290 1615 terra*

852 1663 1081 1702 Dimittendi
1101 1671 1263 1713 peccata

852 1719 904 1756 ait
925 1718 1133 1768 paraletico
1153 1718 1220 1756 tibi
1240 1718 1279 1756 di

851 1785 900 1811 co
922 1785 1035 1822 surge
1054 1773 1145 1810 tolle
1164 1773 1292 1810 lectu-

851 1834 961 1864 tuum
981 1834 1019 1865 et
1038 1827 1140 1865 uade
1161 1827 1201 1865 in
1220 1827 1272 1866 do

850 1893 958 1918 mum
978 1888 1083 1919 tuam

848 1935 934 1973 2⁵Et
954 1935 1157 1974 confestim
1178 1947 1341 1985 surgens

850 2002 982 2029 coram
1003 1990 1096 2039 ipsis
1116 1990 1198 2027 tulit
1219 1990 1259 2027 in

849 2057 929 2095 quo
949 2044 1098 2082 iacebat
1119 2051 1156 2082 et
1176 2045 1267 2082 abiit

851 2100 891 2137 in
912 2099 1074 2136 domum
1095 2110 1205 2136 suam
1226 2111 1318 2150 mag

849 2153 1011 2191 nificans
1031 2152 1100 2190 dm
1137 2153 1206 2191 ²⁶et
1227 2160 1288 2190 stu

849 2220 921 2258 por
940 2207 1194 2257 adprehendit
1215 2219 1281 2245 om

849 2274 918 2300 nes
938 2267 975 2299 et
995 2262 1282 2311 magnificaba‘

849 2315 918 2353 dm
937 2323 975 2354 et
994 2317 1128 2365 repleti
1148 2323 1238 2354 sunt

849 2370 984 2408 timore
1005 2370 1176 2408 dicentes

848 2425 939 2474 quia
958 2425 1125 2463 uidimus
1145 2424 1243 2463 mira

847 2479 938 2516 bilia
958 2479 1074 2516 hodie

849 2542 915 2569 XII
924 2533 998 2571 2⁷E
996 2538 1012 2570 l
1014 2537 1104 2582 post
1113 2533 1201 2570 haec
1212 2533 1312 2571 exz'z'l
1320 2537 1356 2570 el

848 2587 942 2624 uidit
962 2588 1211 2636 publicanum

848 2641 1008 2678 nomine
1028 2641 1130 2678 leuui
1151 2640 1271 2678 sede—

848 2701 926 2732 tem
947 2694 996 2731 ad
1015 2694 1239 2732 theloneum

848 2754 886 2785 et
907 2748 957 2785 ait
976 2748 1028 2785 illi
1049 2760 1208 2797 sequere

848 2814 912 2840 me
931 2802 1002 2840 28et
1021 2802 1157 2840 relictis
1176 2813 1244 2840 om

849 2857 964 2894 nibus
983 2868 1147 2905 surgens
1168 2867 1257 2895 secu

849 2917 910 2949 tus
930 2917 986 2949 est
1006 2923 1095 2949 eum

1827 196 1980 236 LUCA
1987 197 2127 236 NUM
2418 210 2467 248 53

1430 285 1513 315 Fol.
1530 286 1610 315 104.

1428 328 1511 365 2⁹Et
1535 328 1623 366 fecit
1645 328 1699 365 illi
1719 328 1932 366 conuiuiu-

1427 393 1617 432 magnum
1636 382 1738 421 leuui
1757 383 1797 420 in
1817 382 1869 421 do

1427 448 1494 474 mo
1514 448 1583 474 sua
1657 443 1694 475 et
1714 444 1794 475 erat
1814 444 1876 475 tur

1426 491 1476 528 ba
1495 491 1616 529 multa
1635 491 1847 540 publicano

1426 557 1512 582 rurn
1533 551 1570 582 et
1590 545 1752 583 aliorum
1773 546 1839 596 qui

1424 611 1513 637 curn
1533 599 1604 636 illis
1625 607 1733 638 erant
1752 600 1811 638 dis

1424 654 1640 691 cunbentes

1424 708 1512 745 ³⁰Et
1532 714 1871 746 murmurauerunt

1425 762 1616 812 pharisaei
1635 769 1672 800 et
1692 763 1816 800 scribe

1425 817 1595 855 dicentes
1616 817 1665 855 ad
1685 817 1835 866 discipu

1425 871 1483 909 lus
1504 871 1585 909 eius
1606 884 1724 921 quare
1745 883 1835 909 cum

1426 925 1638 974 publicanis
1657 933 1694 963 et
1715 937 1835 975 pecca

1425 981 1572 1018 toribus
1592 980 1803 1018 manducat

1425 1039 1462 1071 et
1482 1034 1579 1072 bibit

1425 1086 1510 1126 ²³¹Et
1530 1088 1773 1138 respondens
1794 1088 1854 1126 ihs
1875 1087 1913 1126 di

1426 1143 1480 1180 xit
1499 1142 1549 1180 ad
1568 1143 1652 1180 illos
1673 1154 1755 1180 non
1773 1150 1876 1192 ege-

1426 1197 1492 1246 qui
1513 1197 1596 1234 sani
1618 1203 1706 1234 sunt
1726 1197 1831 1235 medi

1427 1263 1517 1288 cum
1556 1250 1624 1288 sed
1644 1251 1709 1300 qui
1729 1263 1795 1288 ma

1425 1306 1460 1343 le
1480 1304 1626 1343 habent
1680 1305 1796 1343 82ηοη
1818 1316 1865 1343 ue

1425 1360 1465 1397 ni
1485 1371 1625 1398 uocare
1646 1360 1765 1398 iustos
1785 1359 1855 1397 sed

1425 1420 1647 1464 peccatores
1667 1414 1707 1452 in
1727 1414 1817 1464 peni

1425 1469 1586 1506 tentiam

1425 1522 1524 1560 3⁸Ad
1537 1523 1589 1560 illi
1602 1522 1779 1560 dixerunt
1792 1522 1842 1560 ad
1854 1530 1932 1560 eu-

1425 1589 1544 1628 quare
1565 1577 1741 1627 discipuli
1761 1577 1799 1615 io

1425 1663 1581 1702 Hannis
1602 1664 1774 1702 ieiunant

1423 1718 1643 1768 frequenter
1662 1725 1699 1756 et
1720 1719 1798 1767 pha

1425 1773 1612 1811 riseorum
1632 1780 1669 1810 et
1690 1773 1785 1811 obse

1425 1828 1614 1865 crationes
1634 1827 1778 1865 faciunt

1425 1882 1602 1931 discipuli
1624 1889 1755 1919 autem
1775 1881 1830 1919 tui

1425 1936 1547 1974 edunt
1566 1942 1604 1974 et
1626 1936 1762 1973 bibunt

1423 1990 1614 2037 ³⁴Quibus
1634 1990 1716 2040 ipse
1737 1989 1789 2027 ait
1809 2001 1903 2027 num

1662 2048 1699 2074 nt

1423 2087 1518 2138 quid
1538 2099 1700 2137 possum
1721 2087 1771 2125 fili
1792 2096 1895 2138 spo*

1424 2143 1455 2180 si
1476 2142 1570 2179 dum
1591 2154 1681 2180 curn
1702 2142 1775 2179 illis
1795 2149 1853 2181 est

1424 2208 1589 2246 sponsus
1610 2197 1778 2234 ieiunare

1423 2251 1586 2289 85ueniet
1606 2257 1736 2288 autern
1756 2251 1837 2289 dies

1422 2317 1513 2344 cum
1534 2305 1727 2343 auferetur
1746 2306 1796 2343 ab

1423 2360 1475 2398 eis
1497 2371 1664 2409 sponsus
1684 2366 1722 2397 et
1740 2366 1833 2397 tunc

1421 2414 1649 2452 ieiunabunt
1669 2414 1708 2451 in
1728 2414 1800 2452 illis

1422 2468 1558 2506 diebus

1421 2522 1563 2560 ³⁶Dixit
1583 2527 1714 2560 autem
1734 2528 1772 2560 et
1792 2522 1880 2560 simi

1421 2577 1624 2614 litudinem
1644 2576 1694 2614 ad
1715 2576 1798 2614 illos

1421 2631 1512 2680 quia
1531 2642 1648 2668 nemo
1668 2630 1819 2667 comnis

1421 2696 1565 2721 suram·
1586 2696 1609 2720 a
1628 2684 1817 2721 uestimen

1421 2744 1474 2776 to·
1495 2749 1601 2775 nouo
1621 2737 1773 2774 inmittit
1793 2737 1832 2774 in

1420 2792 1534 2828 mittit
1554 2792 1592 2828 in
1613 2792 1804 2828 uestimen

1419 2852 1500 2883 tum
1520 2850 1632 2883 uetus
1651 2845 1825 2894 alioqui*

1419 2905 1456 2937 et
1475 2911 1620 2938 nouum
1640 2900 1784 2949 rumpit

1418 2960 1456 2993 et
1475 2960 1644 2993 ueterem
1664 2966 1744 2993 non

1966 327 2161 366 Conuenit
2181 330 2346 366 commis

1965 394 2053 420 sura
2073 394 2096 420 a
2116 394 2223 420 nouo
2279 382 2353 421 ³⁷et
2373 395 2423 421 ne

1964 448 2031 475 mo
2051 437 2165 474 mittit
2184 436 2319 474 uinum

1963 503 2112 528 nouum
2131 491 2171 528 in
2190 497 2293 529 utres
2312 503 2361 528 ue

1963 546 2052 583 teris
2072 545 2244 595 alioquin
2264 557 2351 583 rum

1964 606 2030 649 pet
2049 600 2183 637 uinum
2202 612 2351 637 nouum

1965 659 2070 691 utres
2090 660 2128 691 et
2147 654 2261 703 ipsud
2280 653 2388 691 effu-

1966 707 2076 745 detur
2094 714 2130 745 et
2150 714 2255 746 utres
2276 720 2325 757 pe

1965 761 2094 799 ribunt
2113 761 2141 782 ³⁸
2151 762 2218 799 sed
2238 762 2374 799 uinum

1965 827 2116 853 nouum
2135 816 2175 853 in
2194 822 2298 853 utres
2318 828 2372 854 no

1964 882 2038 908 uus
2057 870 2211 907 mittunt
2231 877 2267 907 et
2286 878 2372 908 utra

1965 936 2042 973 que
2061 930 2342 962 conseruantur

1966 988 2052 1016 XIII
2066 987 2084 1016 6
2096 977 2274 1016 ¹Faclum
2289 982 2342 1016 est
2353 983 2472 1017 aulem

1966 1033 2007 1070 in
2026 1034 2187 1072 sabbato
2207 1033 2380 1071 secundo

1966 1088 2136 1137 primurn
2157 1099 2246 1125 curn
2266 1094 2352 1125 tran

1967 1142 2057 1180 siret
2077 1154 2146 1191 per
2167 1142 2357 1179 seminata

1966 1196 2160 1234 uellebant
2180 1195 2357 1245 discipuli

1967 1251 2048 1288 eius
2069 1251 2194 1300 spicas
2214 1257 2250 1288 et
2270 1249 2417 1287 mandu

1966 1305 2107 1343 cabant
2126 1303 2325 1342 confrican

1966 1366 2023 1396 tes
2044 1358 2223 1396 manibus
2242 1358 2380 1408 2aliqui

1966 1419 2095 1451 autem
2114 1413 2368 1462 phariseoru‘·

1967 1467 2147 1505 dicebant
2166 1467 2238 1504 illis
2258 1466 2353 1517 quid

1966 1521 2088 1561 facitis
2109 1521 2277 1560 sabbatis
2297 1533 2379 1560 non

1966 1576 2056 1614 licet

1966 1662 2038 1700 ³Et
2057 1661 2297 1711 respondens
2317 1661 2375 1699 ihs
2396 1661 2435 1699 di

1966 1718 2021 1756 xit
2041 1716 2110 1754 illis
2131 1728 2202 1754 nec
2223 1717 2297 1754 hoc
2317 1716 2411 1764 legis

1965 1772 2013 1809 tis
2034 1771 2127 1821 quid
2146 1770 2233 1808 fecit
2252 1770 2370 1808 dauid
2390 1776 2472 1808 cu*

1966 1826 2094 1864 esuriit
2113 1825 2195 1874 ipse
2214 1831 2251 1862 et
2271 1825 2337 1874 qui
2357 1836 2449 1862 cum

1966 1892 2013 1917 eo
2033 1886 2141 1917 erant
2160 1879 2383 1929 ⁴¹quomodo
2402 1879 2443 1916 in

1964 1934 2079 1972 trauit
2097 1934 2137 1970 in
2156 1933 2317 1971 domum
2337 1932 2378 1970 di

1971 1995 2009 2026 et
2029 1999 2152 2038 panes
2171 1987 2389 2037 propositio

1964 2042 2024 2080 nis
2044 2042 2207 2091 sumpsit
2226 2048 2263 2079 et
2282 2054 2376 2079 man

1965 2096 2118 2134 ducauit
2138 2103 2175 2134 et
2196 2096 2300 2134 dedit
2320 2096 2378 2134 his

1964 2151 2031 2201 qui
2051 2163 2140 2190 cum
2160 2151 2245 2200 ipso
2265 2157 2375 2188 erant

1963 2218 2063 2256 quos
2083 2217 2164 2243 non
2184 2205 2272 2243 licet
2292 2216 2386 2243 man

1963 2261 2104 2298 ducare
2124 2260 2198 2297 nisi
2219 2259 2309 2297 solis
2330 2271 2374 2297 sa

1962 2314 2183 2352 cerdotibus

1962 2368 2033 2406 ⁶Et
2054 2369 2207 2406 dicebat
2226 2366 2297 2404 illis
2318 2366 2408 2416 quia
2427 2367 2453 2404 fi

1960 2423 2033 2461 lius
2054 2422 2140 2460 dms
2160 2421 2327 2459 hominis
2348 2428 2406 2458 est

1961 2477 2077 2515 etiam
2097 2476 2246 2514 sabbati

1960 2531 2140 2569 ⁶Factum
2161 2535 2219 2568 est
2239 2534 2369 2566 autem
2389 2528 2428 2565 in

1959 2585 2035 2623 alio
2055 2585 2218 2622 sabbato
2237 2589 2278 2620 ut
2298 2582 2396 2620 intra

1960 2645 2017 2676 ret
2036 2639 2075 2675 in
2095 2649 2296 2687 synagoga
2316 2643 2355 2674 et

1960 2693 2117 2731 doceret
2138 2699 2175 2730 et
2195 2698 2277 2730 erat
2297 2690 2349 2728 ibi

1961 2746 2083 2784 horno
2104 2752 2141 2784 et
2160 2757 2300 2783 manus
2320 2745 2402 2784 eius

1959 2801 2093 2839 dextra
2112 2807 2194 2838 erat
2213 2799 2348 2837 harida

1957 2855 2252 2894 '‘Obseruabant
2270 2860 2402 2892 autem

1957 2910 2104 2949 scribae
2125 2916 2162 2948 et
2181 2908 2370 2960 pharisaei
