2866 3346
265 228 368 254 xxm·
391 213 538 268 24—58.]

267 305 350 334 1¹01.
369 306 427 336 33.

269 348 423 386 ²⁴Filius
432 346 590 397 quidem
599 346 768 385 hominis

268 402 383 440 uadet
404 402 501 440 sicut
519 402 697 451 scriptu—

270 464 326 495 est
347 457 395 494 de
415 457 479 494 illo
499 469 547 494 ue
567 462 696 494 autem

270 511 419 549 homini
438 511 489 548 illi
509 523 578 560 per
597 517 701 560 que-

269 566 368 603 filius
389 565 556 604 hominis
575 565 684 603 trade

268 626 330 657 tur
344 621 492 658 bonum
511 626 592 659 erat
611 619 717 658 homi

269 675 309 712 ni
329 675 380 712 illi
401 686 481 712 non
501 674 610 712 nasci

268 728 536 780 ²⁵Respondes
555 734 684 767 autem

643 780 771 835 [iudas

269 838 335 888 qui
355 838 536 876 trditurus
556 850 646 876 eum
666 843 747 875 erat

270 893 365 931 dixit
384 892 573 943 numquid
593 904 667 942 ego
686 903 771 931 sum

268 948 378 985 rabbi

269 1002 336 1039 Ait
356 1001 406 1039 illi
426 1001 484 1039 ihs
505 1007 545 1039 tu
565 1000 691 1039 dixisti

269 1056 405 1107 ²⁶Ipsis
438 1062 567 1094 autem
600 1055 772 1094 cenanti-

681 1107 773 1162 [bus

271 1164 418 1215 accepit
437 1163 495 1202 ihs
516 1175 659 1213 panem
680 1170 717 1202 et

270 1219 467 1257 benedixit
487 1230 532 1256 ac
553 1219 664 1268 fregit
683 1224 721 1256 et

271 1274 374 1312 dedit
394 1273 587 1322 discipulis
608 1273 686 1310 suis

268 1328 399 1366 dicens
419 1327 577 1377 accipite
599 1334 636 1365 et
655 1334 748 1364 ma-

269 1383 407 1420 ducate
427 1382 504 1420 hoc
524 1394 565 1420 es
586 1393 726 1432 corpus

268 1449 399 1475 rneum

267 1491 350 1529 ²⁷Et
370 1491 565 1541 adcipiens
584 1490 744 1529 calicem

268 1546 410 1595 gratias
430 1547 507 1595 egit
526 1552 564 1583 et
585 1546 688 1583 dedit
707 1546 732 1583 il

266 1601 311 1638 lis
332 1601 464 1638 dicens
484 1600 601 1638 bibite
621 1612 668 1638 ex
689 1613 736 1639 eo

268 1666 405 1692 omnes
424 1654 520 1692 28hic
541 1660 598 1692 est
617 1654 721 1692 enim

267 1709 425 1759 sanguis
444 1721 553 1747 meus
573 1708 666 1747 noui
684 1715 741 1747 tes

269 1796 452 1835 Tamenti
473 1796 538 1847 qui
559 1809 630 1846 pro
651 1795 733 1834 mul

268 1851 316 1889 tis
336 1851 544 1889 effunditur
564 1851 603 1888 in
622 1864 662 1889 re

269 1905 452 1943 missione
471 1912 721 1955 peccatorum

267 1959 404 1997 ²⁹Dico
419 1967 546 1997 autem
563 1961 676 1998 uobis
692 1973 770 2011 quo

270 2015 376 2051 niam
396 2026 477 2052 non
498 2014 628 2052 bibam

270 2068 412 2107 amodo
432 2068 480 2107 de
501 2069 574 2106 hac
594 2082 681 2107 crea

269 2129 353 2160 tura
373 2123 460 2161 uitis
480 2135 601 2174 usque
621 2124 660 2161 in
681 2123 719 2162 di

269 2190 331 2215 em
351 2177 457 2215 illum
478 2190 567 2216 cum
587 2178 680 2216 illud

271 2232 380 2270 bibat
399 2233 600 2270 uobiscum
621 2245 674 2271 no

270 2298 364 2324 uum
384 2287 423 2324 in
444 2300 565 2337 regno
584 2288 703 2337 patris

269 2352 345 2378 mel

269 2395 355 2433 3⁰Et
374 2394 520 2445 hymno
540 2396 643 2434 dicto
666 2395 752 2434 exie

269 2457 355 2487 runt
375 2450 415 2486 in
434 2457 607 2488 montem
628 2450 680 2488 oli

271 2504 348 2542 ueti
693 2502 772 2557 [ihs

271 2556 436 2593 LXX111³¹
464 2557 567 2595 Tunc
586 2559 677 2595 dicit
694 2560 772 2597 illis

269 2623 407 2648 omnes
427 2623 498 2649 uos
519 2612 663 2650 scanda

271 2666 351 2703 lum
372 2665 570 2715 patiemini
591 2666 630 2703 in
649 2678 713 2705 me

272 2721 311 2757 in
331 2720 402 2757 ista
422 2725 535 2757 nocte

273 2774 464 2824 Scriptum
484 2781 541 2812 est
561 2774 664 2812 enim
685 2787 755 2825 per

326 2829 468 2867 cutiam
489 2835 683 2878 pastorem

326 2889 364 2921 et
385 2883 656 2932 dispargentur

327 2949 421 2975 oues
441 2938 569 2987 gregis
663 2935 771 2991 [rexe

272 2991 300 3013 ³²
309 2990 384 3029 Sed
419 3003 610 3041 posquam
648 3005 772 3031 resur-

272 3057 315 3082 ro
336 3046 542 3094 precedam
561 3059 634 3084 uos
655 3047 694 3085 in

339 3130 489 3149 BUCHANAN

702 212 1120 252 EUANGELIUM
1149 212 1260 252 SEC

803 345 953 383 Galilea

804 400 1102 449 33Respondens
1121 405 1252 437 autem

806 460 937 504 petrus
958 455 1009 492 ait
1030 455 1060 492 si
1080 466 1218 492 omnes

806 509 1167 547 scandalizabuntur

805 564 844 601 in
865 570 901 601 te
921 575 996 612 ego
1015 575 1229 614 numquam

805 618 1094 656 scandalizabor

805 673 833 694 ³4
841 671 944 710 Dicit
957 673 1007 709 illi
1020 672 1078 709 ihs
1090 684 1204 709 amen
1218 670 1306 710 dico

805 727 872 764 tibi
929 726 1036 776 quod
1055 726 1126 764 hac
1146 733 1261 764 nocte

805 787 894 819 ante
915 793 1033 831 quam
1052 781 1175 830 gallus
1196 788 1269 819 ca-

806 842 858 873 tet
878 842 936 873 ter
956 848 1017 873 me
1039 835 1200 885 negabis

805 889 906 927 ³⁵Ait
925 890 975 927 illi
995 896 1125 939 petrus
1165 890 1279 928 etiam

807 945 839 982 si
859 957 921 982 rne
943 945 1156 994 oportuerit

804 999 903 1037 mori
923 1005 1051 1037 tecum
1071 1011 1151 1037 non
1171 1005 1208 1037 te

805 1055 960 1103 negabo

809 1107 988 1145 Similiter
1007 1114 1044 1145 et
1064 1120 1201 1146 omnes

806 1162 982 1211 discipuli
1003 1162 1181 1199 dixerunt

805 1217 834 1237 ⁸⁶
843 1216 957 1254 Tunc
978 1217 1081 1254 uenit
1101 1216 1158 1254 ihs
1173 1227 1262 1254 cum
1283 1216 1307 1253 il

804 1270 849 1308 lis
869 1271 909 1307 in
930 1270 1107 1320 predium
1127 1271 1235 1321 quod

805 1325 944 1363 dicitur
963 1325 1189 1374 gedsamani

806 1386 844 1417 et
864 1380 954 1416 dicit
975 1380 1170 1429 discipulis
1192 1379 1269 1417 suis

807 1434 937 1472 sedete
958 1434 1020 1472 hic
1041 1434 1167 1473 donec
1186 1447 1234 1473 eo

803 1488 891 1527 illuc
912 1501 1022 1526 orare

803 1542 889 1581 3⁷Et
909 1544 1115 1592 adsumpto
1135 1549 1246 1593 petro

805 1604 842 1635 et
864 1598 1016 1636 duobus
1037 1598 1123 1636 filiis
1143 1599 1238 1636 zebe

805 1794 879 1834 Dei
899 1796 1026 1845 coepit
1046 1795 1189 1833 contris

805 1851 876 1888 tari
897 1857 933 1888 et
954 1856 1100 1888 mestus
1120 1862 1203 1888 esse

804 1905 958 1943 ³⁸Tune
972 1905 1022 1942 ait
1038 1905 1108 1943 illis
1122 1905 1237 1943 tristis
1249 1910 1306 1943 est

805 1959 933 1997 anima
954 1972 1041 1998 mea
1060 1971 1183 2009 usque

805 2014 855 2051 ad
875 2021 1041 2051 mortem
1089 2014 1183 2052 susti

805 2074 891 2106 nete
912 2075 948 2106 et
967 2068 1120 2118 uigilate
1140 2081 1202 2106 me

805 2135 895 2161 cum

805 2178 889 2215 ³⁹Et
908 2189 1134 2227 progressus
1155 2176 1257 2226 pusil

806 2232 886 2269 lum
907 2233 1123 2281 procedens
1144 2232 1183 2268 in

806 2286 944 2325 faciem
966 2298 1077 2324 suam
1097 2298 1212 2324 orans

806 2348 842 2378 et
863 2341 995 2378 dicens

807 2395 921 2433 Pater
940 2407 1050 2433 meus
1071 2395 1101 2433 si
1125 2395 1306 2445 possibile

806 2456 862 2488 est
881 2456 1048 2488 transeat
1069 2462 1090 2487 a
1110 2463 1173 2488 me

806 2504 903 2542 calix
922 2504 992 2542 iste
1012 2504 1079 2542 sed
1099 2511 1229 2542 tame-

806 2571 887 2597 non
906 2559 1004 2597 sicut
1024 2571 1099 2608 ego
1118 2559 1210 2597 uolo

806 2614 875 2650 sed
895 2613 992 2650 sicut
1012 2620 1052 2650 tu
1071 2613 1130 2650 uis

806 2667 891 2704 4⁰Et
910 2667 1014 2704 uenit
1034 2667 1083 2704 ad
1098 2667 1306 2716 discipulos

807 2732 898 2758 suos
918 2727 956 2758 et
975 2721 1121 2758 inuenit
1141 2733 1210 2758 eos

807 2774 1041 2812 dormientes

807 2828 857 2866 Et
879 2829 929 2866 ait
949 2835 1058 2878 petro
1079 2828 1131 2866 sic
1151 2840 1232 2866 non

807 2883 965 2933 potuisti
986 2894 1064 2920 una
1084 2882 1179 2920 hora
1198 2883 1238 2919 ui

807 2937 926 2987 gilare
946 2949 1100 2975 mecum
1147 2936 1260 2987 ssuigi

807 2993 881 3030 late
901 2998 938 3030 et
957 2998 1062 3029 orate
1083 2997 1124 3029 ut
1144 3003 1225 3028 non

807 3046 969 3084 ueniatis
989 3046 1029 3083 in
1049 3046 1250 3096 temptatio

1328 3121 1353 3146 D

1739 209 1826 248 MA
1840 209 2048 249 TTEUM

1373 300 1454 330 Fol.
1471 300 1530 330 34.

1374 343 1478 381 Nem
1499 346 1565 392 sps
1586 341 1741 393 quidem
1761 349 1864 391 pro*

1375 405 1434 436 tus
1454 410 1544 435 caro
1565 404 1695 436 autem
1716 397 1802 434 infir

1374 452 1447 490 mis

1374 507 1557 544 ‘¹²Iterum
1578 507 1751 544 secundo
1772 507 1866 544 abiit

1374 568 1411 599 et
1431 561 1554 599 orauit
1574 561 1708 599 dicens

1376 616 1487 653 Pater
1507 627 1615 653 meus
1636 616 1667 653 si
1687 627 1768 653 non
1787 627 1840 664 po

1375 677 1449 708 test
1469 670 1544 708 hoc
1564 670 1727 707 transire
1748 682 1770 707 a

1375 737 1438 763 me
1459 725 1532 762 nisi
1554 724 1646 762 illud
1666 724 1799 762 bibam

1375 779 1440 817 fiat
1460 779 1639 817 uoluntas
1659 786 1724 816 tua

1373 833 1459 871 4³Et
1477 834 1585 871 uenit
1604 834 1742 871 iterum
1763 839 1800 871 et
1819 832 1858 870 in

1374 889 1481 926 uenit
1503 901 1571 927 eos
1592 889 1767 927 dormien

1377 950 1434 980 tes
1454 949 1562 981 erant
1582 943 1685 981 enim
1706 943 1807 981 oculi

1376 1009 1510 1035 eorum
1531 998 1680 1045 grauati

1376 1052 1462 1089 44Et
1483 1052 1621 1090 relictis
1643 1051 1715 1089 illis
1738 1051 1876 1089 iterum

1377 1107 1468 1144 abiit
1487 1114 1523 1144 et
1543 1107 1667 1144 orauit
1687 1107 1846 1144 eunde-

1376 1173 1595 1199 sermonem
1616 1161 1751 1198 dicens

1375 1215 1403 1235 45
1412 1215 1526 1253 Tunc
1542 1215 1648 1253 uenit
1663 1215 1711 1252 ad
1728 1215 1878 1264 discipu

1377 1269 1436 1307 los
1457 1281 1547 1307 suos
1568 1276 1605 1307 et
1626 1269 1718 1306 dicit
1738 1269 1810 1307 illis

1378 1324 1542 1362 dormite
1563 1324 1639 1361 iam
1662 1330 1698 1361 et
1718 1336 1757 1361 re

1376 1379 1569 1428 quiescete
1653 1390 1746 1416 ecce
1768 1377 1816 1415 ad

1376 1433 1566 1483 propiauit
1586 1432 1682 1470 hora
1702 1439 1738 1470 et
1759 1433 1858 1471 filius

1376 1488 1543 1526 hominis
1563 1487 1719 1525 traditur
1740 1488 1778 1524 in

1375 1543 1553 1580 manibus
1574 1549 1825 1591 peccatorum

1375 1597 1552 1647 ⁴⁶surgite
1571 1609 1706 1635 eamus
1726 1608 1816 1635 ecce

1374 1794 1631 1845 Adpropiauit
1651 1793 1716 1844 qui
1735 1806 1799 1832 me

1374 1850 1497 1886 tradet

1374 1904 1550 1941 47Adhuc
1570 1904 1653 1953 ipso
1673 1902 1856 1953 loquente

1374 1971 1465 1996 ecce
1486 1958 1596 1995 iudas
1615 1970 1715 1995 unus
1736 1957 1784 1994 de

1375 2012 1583 2050 duodecim
1693 2012 1798 2049 uenit

1375 2073 1412 2105 et
1433 2079 1521 2105 cum
1541 2079 1589 2105 eo
1610 2068 1720 2104 turba
1739 2065 1819 2103 mul

1375 2129 1413 2159 ta
1434 2134 1523 2159 cum
1545 2121 1681 2170 gladiis
1701 2127 1737 2159 et
1758 2121 1816 2158 fus

1376 2177 1477 2214 tibus
1497 2176 1603 2213 missi
1623 2188 1645 2213 a
1665 2174 1831 2226 principi

1376 2231 1448 2268 bus
1468 2230 1714 2268 sacerdotum

1376 2292 1412 2323 et
1433 2285 1650 2323 senioribus
1670 2284 1791 2334 plebis

1375 2340 1403 2361 ‘¹⁸
1413 2339 1492 2387 Qui
1512 2346 1639 2378 autem
1660 2339 1815 2377 tradidit

1376 2407 1465 2432 eum
1550 2394 1655 2432 dedit
1675 2393 1745 2431 illis
1766 2394 1824 2443 sig

1376 2461 1470 2486 num
1491 2448 1622 2486 dicens
1643 2460 1761 2498 quem

1376 2515 1542 2553 cumque
1564 2504 1758 2540 osculatus

1375 2558 1482 2595 fuero
1502 2558 1583 2607 ipse
1605 2563 1661 2595 est
1681 2563 1768 2594 tene

1375 2619 1410 2650 te
1431 2623 1520 2650 eum
1649 2610 1724 2648 4⁹et
1744 2609 1877 2647 confes

1375 2666 1443 2703 tim
1463 2665 1658 2703 adcedens
1678 2665 1727 2701 ad
1747 2664 1828 2701 ihm

1375 2720 1469 2757 dixit
1488 2720 1586 2756 habe
1607 2719 1717 2756 rabbi
1738 2725 1775 2755 et

1376 2773 1571 2811 osculatus
1591 2779 1648 2810 est
1667 2784 1757 2810 eum

1376 2827 1485 2865 5⁰Cui
1507 2827 1601 2865 dixit
1622 2827 1680 2864 ihs
1702 2826 1750 2864 ad
1771 2825 1878 2876 quod

1376 2882 1514 2919 uenisti
1533 2881 1655 2919 amice
1712 2886 1804 2918 tunc

1377 2936 1625 2973 adcesserunt
1644 2941 1681 2973 et
1700 2947 1764 2972 ma

1377 3002 1449 3028 nus
1469 2990 1664 3027 iniecerun
1684 2991 1723 3027 in
1744 2990 1823 3027 ihm

1378 3051 1415 3083 et
1434 3051 1638 3083 tenuerunt
1658 3056 1748 3083 eum

2362 218 2407 259 17

1909 341 1994 379 fflEt
2013 354 2102 380 ecce
2122 353 2223 379 unus
2243 354 2290 379 ex
2311 341 2372 379 his

1910 397 1975 447 qui
1995 402 2102 434 erant
2122 409 2212 434 cum
2232 396 2298 433 ihu

1909 451 2122 489 extendens
2141 458 2289 488 manu*

1910 505 2053 544 exemit
2072 505 2244 555 gladium
2265 512 2365 543 suu*

1910 567 1948 599 et
1968 560 2156 610 percussit
2176 572 2333 598 seruum

1911 615 2095 664 principis
2115 615 2348 653 sacerdotu·‘

1911 675 1948 707 et
1969 669 2182 719 amputauit
2201 670 2333 707 auricu

1911 723 1989 760 lam
2010 724 2090 761 eius

1911 778 1939 799 ⁵²
1950 777 2065 816 Tunc
2075 777 2126 815 ait
2140 777 2190 815 illi
2203 778 2260 815 ihs
2269 790 2415 817 conuer

1911 838 1947 870 te
1968 832 2140 882 gladium
2160 839 2269 870 tuum

1911 887 1950 924 in
1971 887 2060 924 loco
2080 899 2150 924 suo

1912 942 2051 980 Omnis
2071 942 2174 980 enim
2196 941 2262 992 qui
2283 940 2369 980 adci

1911 996 2021 1045 piunt
2042 996 2212 1046 gladium
2232 1002 2269 1034 et
2288 997 2351 1045 gla

1912 1051 1976 1088 dio
1997 1058 2155 1088 utuntur
2173 1051 2301 1101 gladio

1912 1106 2091 1155 peribunt

1911 1160 1938 1180 53
1947 1160 2026 1197 Aut
2042 1172 2123 1198 non
2139 1166 2250 1209 putas
2264 1172 2327 1198 me
2340 1171 2415 1210 pos

1914 1226 1954 1251 se
1974 1214 2094 1252 modo
2116 1226 2255 1264 rogare

1913 1268 2067 1306 Patrem
2087 1280 2219 1306 meum
2239 1275 2276 1306 et

1913 1323 2110 1360 exhibebit
2130 1323 2223 1360 mihi
2243 1322 2329 1373 plus

1913 1389 2031 1427 quam
2053 1378 2218 1415 duodeci
2238 1378 2291 1415 mi

1913 1432 1962 1469 lia
1982 1432 2209 1481 angelorum

1910 1486 1939 1507 ⁵4
1947 1486 2107 1533 Quomo
2120 1498 2213 1536 ergo
2226 1486 2412 1536 inplebu-

1912 1547 1973 1578 tur
1994 1542 2201 1591 scripturae
2222 1543 2313 1591 quia

1913 1596 1969 1634 Sic
1989 1602 2142 1646 oportet
2160 1596 2241 1634 fieri

1913 1793 1997 1830 55Ιο
2017 1792 2080 1830 illa
2099 1792 2195 1831 hora
2215 1792 2310 1831 dixit
2331 1792 2390 1831 ihs

1913 1848 2034 1885 turbis
2055 1847 2164 1897 quasi
2185 1847 2235 1885 ad
2254 1847 2352 1886 latro

1913 1915 2003 1940 nem
2025 1902 2183 1940 uenistis
2204 1914 2293 1939 cum
2314 1902 2379 1952 gla

1912 1956 1984 1994 diis
2004 1963 2041 1994 et
2060 1955 2224 1994 fustibus
2245 1968 2391 2007 conpre

1914 2011 2054 2049 endere
2075 2023 2137 2048 me

1914 2065 2082 2103 Cottidie
2102 2071 2195 2115 aput
2214 2077 2286 2102 uos
2307 2077 2348 2103 se

1914 2120 2054 2158 debam
2075 2120 2113 2157 in
2135 2121 2280 2170 templo
2300 2120 2352 2157 do

1914 2187 2006 2213 cens
2026 2180 2064 2212 et
2084 2187 2164 2213 non
2186 2187 2248 2212 me
2268 2181 2361 2212 tenu

1913 2229 1992 2266 istis

1913 2283 2039 2321 ⁵⁶Hoc
2059 2289 2184 2321 autem
2207 2289 2330 2320 totum
2353 2282 2414 2321 fac

1913 2344 1994 2375 tum
2015 2344 2072 2376 est
2092 2344 2132 2375 ut
2152 2337 2384 2386 impleantur

1914 2393 2124 2441 scripturae
2144 2391 2294 2441 profeta

1913 2459 2000 2484 rum

1913 2501 2029 2538 Tunc
2051 2499 2226 2549 discipuli
2247 2512 2386 2538 omnes

1913 2555 2046 2593 relicto
2066 2567 2113 2592 eo
2133 2554 2326 2604 fugierunt

1911 2609 1939 2629 ⁵⁷
1947 2609 2004 2646 Illi
2015 2615 2143 2646 autem
2153 2609 2415 2647 tenentesihm

1911 2662 2173 2713 perduxerunt
2192 2663 2241 2700 ad
2262 2664 2321 2701 cai

1912 2717 2031 2767 pham
2051 2717 2265 2767 principem
2286 2729 2328 2755 sa

1914 2771 2113 2809 cerdotum
2134 2772 2200 2809 ubi
2221 2772 2293 2810 scri

1913 2827 1985 2863 bae
2006 2832 2043 2863 et
2063 2826 2234 2864 seniores
2255 2838 2331 2864 con

1913 2887 2102 2918 uenerant

1914 2934 2084 2972 58Petrus
2104 2940 2234 2973 autem
2254 2947 2371 2985 seque

1913 2990 2024 3026 batur
2044 3001 2132 3026 eum
2154 3002 2175 3027 a
2196 2989 2311 3038 longe
2331 3002 2378 3028 us

1915 3056 1991 3093 que
2010 3043 2051 3080 in
2071 3044 2206 3081 atrium
2229 3045 2351 3093 princi
