2820 3334
461 210 510 247 4²
695 196 1114 238 EUANGELIUM
1135 197 1247 238 SEC

459 286 542 317 1¹01.
558 286 620 317 82.

459 328 527 366 Dit
546 329 684 379 pilatus
702 329 779 368 ihm
802 336 840 368 et
994 329 1138 368 Pilatus
1157 329 1251 368 mihi
1271 341 1352 368 non
1369 328 1409 368 lo

459 383 669 433 flagellauit
994 384 1122 435 queris
1141 384 1266 422 nescis
1285 384 1377 434 quia

459 437 531 476 2Εἰ
550 438 688 476 milites
708 444 884 476 ornatam

460 504 646 530 coronam
667 504 715 530 ex
736 492 858 542 spinis

458 546 711 596 inposuerunt
731 546 847 596 capiti

458 600 540 638 eius
560 607 598 638 et
616 606 767 638 uestem
787 613 859 651 pur

458 666 619 704 puream
639 654 846 693 induerunt

458 720 548 746 eum
588 708 646 746 ³et
664 709 873 747 ueniebant

457 763 507 800 ad
526 762 634 800 illum
653 769 692 801 et
711 763 891 801 dicebant

458 816 559 855 habe
579 830 645 855 rex
665 816 867 856 iudeorum

458 877 496 909 et
516 871 661 910 dabant
681 872 716 909 ei
736 872 886 922 palmas

458 925 610 963 *Exiuit
628 938 723 975 ergo
744 926 881 976 pilatus

458 979 561 1018 foras
580 986 618 1017 et
639 980 728 1018 dicit
747 980 802 1018 eis
820 992 912 1018 ecce

458 1033 612 1072 adduco
632 1034 738 1072 illum
757 1034 872 1072 uobis

458 1088 560 1126 foras
579 1094 619 1125 ut
639 1100 835 1139 cognosca

458 1142 506 1180 tis
525 1142 615 1192 quia
635 1142 674 1180 in
693 1154 741 1181 eo
760 1153 919 1181 causam

457 1208 537 1234 non
557 1197 714 1234 inuenio

457 1250 582 1289 ⁵Exiit
602 1263 698 1299 ergo
718 1251 776 1289 ihs
795 1250 898 1289 foras

458 1304 607 1344 habens
627 1306 801 1355 spineam
821 1318 869 1343 co

458 1372 595 1398 ronam
616 1366 653 1398 et
673 1367 894 1410 purpureu‘

456 1414 730 1452 uestimentum

458 1467 579 1506 ⁶Cum
599 1480 692 1518 ergo
712 1467 898 1506 uidissent

458 1534 547 1560 eum
567 1523 749 1572 principis
768 1535 876 1561 sacer

457 1577 593 1616 dotum
613 1583 651 1615 et
670 1577 832 1615 ministri

457 1664 692 1702 Clamabant
712 1677 780 1702 cru

455 1718 491 1757 ci
510 1718 585 1767 fige
605 1719 710 1757 cruci
729 1719 805 1769 fige

456 1785 547 1811 eum

457 1826 562 1865 Dicit
581 1827 632 1864 eiss
651 1827 788 1877 pilatus
808 1827 891 1866 adci

456 1882 535 1931 pite
556 1893 645 1919 eum
666 1894 737 1920 uos
756 1889 794 1920 et
814 1894 883 1920 cru

457 1937 492 1974 ci
512 1936 615 1985 figite
685 1949 759 1986 ego
778 1937 882 1974 enim

456 2002 537 2028 non
557 1990 714 2028 inuenio
734 1992 774 2029 in
793 2003 842 2029 eo

457 2056 616 2081 causam

455 2096 781 2148 'Responderunt
801 2098 904 2137 iudei

456 2164 530 2190 nos
549 2153 673 2201 legem
694 2152 792 2190 habe

456 2218 544 2244 mus
587 2214 624 2244 et
645 2207 849 2246 secundu‘

455 2260 582 2310 legem
603 2260 716 2299 debet
736 2273 803 2299 mo

454 2315 485 2353 ri
506 2315 596 2364 quia
615 2315 734 2353 filium
754 2315 793 2353 di
813 2326 855 2353 se

454 2368 545 2407 fecit

456 2422 578 2461 ⁸Cum
597 2436 691 2473 ergo
709 2423 879 2462 audisset

455 2478 595 2528 pilatus
614 2478 717 2516 hunc
738 2490 799 2516 ser

455 2544 614 2570 monem
634 2532 759 2583 magis
778 2532 806 2570 ti

454 2586 550 2624 muit

455 2640 526 2677 ⁹Et
546 2641 717 2679 introiuit
736 2641 876 2679 iterum

456 2693 495 2731 in
517 2697 728 2744 pretorium
749 2703 786 2733 et
806 2696 846 2734 di

456 2748 508 2786 cit
527 2749 576 2786 ad
597 2748 676 2786 ihm
697 2750 799 2788 unde

455 2814 498 2840 es
517 2808 559 2839 tu

455 2856 519 2894 Ad
539 2856 597 2893 ihs
616 2867 697 2893 non
718 2869 860 2907 respon

456 2910 511 2948 dit
529 2911 565 2948 ei
584 2909 709 2948 ²⁰dicit
728 2922 822 2962 ergo
841 2912 876 2949 ei

992 444 1223 489 potestatem
1242 438 1370 477 habeo

994 493 1095 531 cruci
1115 492 1260 542 figendi
1280 499 1317 530 te
1337 499 1374 531 et

993 553 1223 597 potestatem
1243 546 1370 586 habeo

993 601 1209 639 dimittendi
1229 608 1266 639 te

993 654 1019 676 ¹¹
1029 654 1247 705 Respondit
1266 655 1325 694 ihs
1344 660 1382 693 et
1398 653 1493 692 dixit

993 721 1075 747 non
1094 709 1256 748 haberes
1276 716 1387 760 potes

992 770 1111 801 tatem
1133 764 1249 801 ullam
1269 764 1389 802 aduer

993 830 1079 856 sum
1097 829 1161 855 me
1181 818 1253 856 nisi
1273 818 1362 856 data
1381 817 1450 855 tibi

992 878 1093 910 esset
1113 872 1314 910 desursum

992 934 1198 976 propterea
1218 926 1284 976 qui
1305 925 1400 964 tradi

993 980 1048 1018 dit
1069 991 1131 1017 me
1150 980 1218 1018 tibi
1237 980 1362 1018 maius
1380 992 1453 1030 pec

993 1040 1122 1071 catum
1142 1033 1259 1072 habet

992 1087 1180 1126 ¹²Exinde
1200 1088 1339 1138 pilatus
1357 1101 1458 1139 quae

991 1142 1100 1180 rebat
1120 1142 1311 1181 dimittere
1331 1150 1409 1182 eu-

992 1196 1127 1234 Iudaei
1146 1203 1275 1235 autem
1294 1197 1420 1236 clama

993 1251 1088 1289 bant
1108 1251 1279 1289 dicentes
1300 1252 1330 1289 si
1352 1252 1455 1291 hunc

993 1305 1151 1344 dimittis
1171 1318 1249 1343 non
1270 1318 1312 1344 es
1331 1306 1410 1344 ami

992 1372 1059 1398 cus
1079 1360 1246 1398 caesaris
1284 1372 1351 1398 om

991 1414 1052 1452 nis
1071 1414 1136 1464 qui
1158 1426 1289 1464 regem
1308 1413 1399 1452 facit

992 1480 1032 1506 se
1054 1469 1281 1507 contradicit
1300 1469 1421 1507 cesari

991 1522 1018 1543 ¹³
1027 1523 1130 1572 Ergo
1149 1535 1238 1561 curn
1259 1523 1428 1561 audisset

988 1577 1129 1628 pilatus
1148 1577 1218 1615 hos
1238 1589 1365 1615 sermo

991 1665 1073 1703 Nes
1092 1665 1272 1716 produxit
1291 1666 1395 1704 foras

989 1719 1068 1757 ihm
1089 1726 1127 1758 et
1147 1720 1244 1758 sedit
1264 1733 1336 1771 pro
1357 1721 1457 1758 tribu

989 1774 1066 1812 nali
1087 1774 1125 1812 in
1148 1774 1236 1813 loco
1256 1775 1320 1825 qui
1341 1775 1414 1813 dici

988 1834 1049 1866 tur
1068 1828 1351 1878 lythrostrotrus

989 1883 1161 1922 ebreicae
1182 1890 1312 1921 autern
1331 1889 1411 1934 ge-

988 1937 1106 1975 netha

988 1991 1117 2029 ¹⁴Erat
1136 1998 1265 2030 autem
1286 2004 1450 2042 prepara

988 2047 1043 2084 tio
1064 2046 1231 2096 paschae
1251 2046 1348 2084 hora
1367 2059 1416 2096 au

989 2106 1068 2138 tem
1089 2100 1183 2139 hora
1203 2101 1314 2151 quasi
1333 2107 1442 2138 sexta

990 2161 1028 2192 et
1046 2155 1097 2192 ait
1117 2154 1262 2193 iudaeis
1281 2167 1373 2193 ecce
1393 2167 1460 2193 rex

989 2216 1117 2246 uester

989 2262 1088 2300 1⁵‘Ad
1108 2263 1161 2300 illi
1185 2262 1490 2301 exclamaueru-

990 2316 1079 2354 tolle
1100 2317 1190 2355 tolle
1210 2317 1314 2356 cruci
1334 2317 1408 2367 fige

989 2382 1081 2408 eum

989 2424 1055 2462 Ait
1074 2424 1144 2462 illis
1165 2424 1304 2475 pilatus
1324 2436 1457 2474 regem

989 2486 1160 2517 uestrum
1180 2479 1283 2517 cruci
1303 2479 1407 2529 figa-

991 2532 1292 2583 Responderunt
1311 2533 1434 2583 princi

990 2588 1049 2638 pis
1069 2587 1312 2625 sacerdotum
1333 2593 1417 2625 no·-

988 2641 1178 2680 habemus
1196 2653 1327 2692 regem
1348 2641 1388 2679 ni

989 2696 1020 2734 si
1041 2707 1237 2734 caesarem

988 2749 1137 2788 ¹⁶Tunc
1157 2761 1252 2800 ergo
1272 2749 1425 2788 tradidit

989 2816 1079 2842 eum
1099 2804 1171 2843 illis
1191 2811 1231 2843 ut
1252 2804 1357 2843 cruci
1375 2804 1401 2842 fi

988 2866 1143 2907 geretur

988 2923 1147 2950 xxxrrrr
1165 2912 1408 2962 susceperunt
1427 2924 1469 2950 er

1971 197 2001 236 I
2003 197 2119 238 OHA
2125 197 2315 239 NNEM
2363 198 2461 255 [xxx.
2481 215 2551 253 1—3
2560 213 2593 241 1.

1561 284 1644 316 1²01.
1661 285 1722 316 83.

1563 327 1626 366 Go
1646 327 1726 365 ihm
1762 325 1834 366 ¹'‘et
1853 328 2030 368 baiulans

1562 382 1632 420 sibi
1652 393 1808 421 crucem
1827 390 1865 420 et
1885 394 1934 421 ue

1561 436 1616 474 nit
1636 437 1674 474 in
1694 436 1823 475 locum
1843 438 1907 487 qui
1928 436 1968 475 di

1560 490 1656 529 citur
1670 490 1864 529 ⁴caluariae
1884 491 1992 541 quod

1560 544 1773 594 adpellatur
1792 544 1923 583 hebrei

1561 610 1629 637 cae
1649 598 1835 648 golgotha
1875 598 1902 620 ¹⁸
1910 599 1975 638 ubi

1560 654 1664 691 cruci
1683 653 1848 691 fixerunt
1866 665 1956 692 eum

1559 706 1610 744 Et
1629 719 1720 745 cum
1739 719 1787 745 eo
1806 707 1901 746 alios
1921 707 2020 746 duos

1561 761 1650 800 hinc
1670 760 1795 811 adque
1815 762 1917 800 illinc
1936 774 2000 800 me

1561 815 1667 852 dium
1687 823 1817 853 autem
1837 816 1918 854 ihm

1560 869 1587 890 ¹⁹
1597 868 1756 920 Scripsit
1780 876 1910 908 autem
1930 876 1968 908 et
1988 870 2059 907 titu

1559 923 1640 961 lum
1659 924 1799 974 pilatus
1818 930 1857 962 et
1876 925 2005 974 posuit

1559 990 1675 1027 supra
1693 990 1850 1016 crucem
1870 985 1951 1016 erat

1560 1040 1691 1070 autem
1711 1033 1894 1082 scriptum
1914 1033 1973 1072 ihs

1560 1098 1748 1124 nazoreus
1768 1099 1835 1124 rex
1855 1087 1969 1126 iudeo

1561 1152 1645 1179 rum
1735 1140 1875 1180 ²⁰hunc
1895 1142 1923 1179 ti

1559 1194 1682 1232 tulum
1701 1195 1810 1233 multi
1830 1196 1915 1246 lege

1559 1255 1647 1286 runt
1668 1249 1894 1287 iudaeorum

1559 1304 1650 1354 quia
1670 1315 1792 1354 prope
1812 1305 1999 1342 ciuitate-

1559 1364 1640 1395 erat
1659 1357 1770 1395 locus
1789 1358 1854 1396 ubi
1873 1359 1975 1397 cruci

1561 1411 1658 1450 fixus
1677 1418 1735 1450 est
1755 1412 1813 1450 ihs
1833 1419 1871 1450 et
1890 1419 1970 1450 erat

1558 1466 1743 1516 scriptum
1764 1466 1943 1505 hebreice

1559 1519 1674 1558 latine
1694 1527 1732 1557 et
1751 1524 1889 1570 grecae

1558 1574 1586 1595 ²¹
1594 1574 1785 1613 Dicebant
1804 1587 1898 1624 ergo
1919 1574 2039 1626 pilato

1560 1661 1747 1713 Principis
1766 1662 1927 1701 sacerdo

1558 1722 1639 1754 tum
1681 1717 1760 1754 noli
1780 1718 1944 1755 scribere

1558 1783 1623 1808 rex
1643 1771 1846 1809 iudeorum
1867 1771 1936 1810 sed

1558 1826 1650 1875 quia
1670 1825 1729 1863 ille
1750 1825 1844 1864 dixit
1863 1838 1930 1864 rex
1952 1834 2027 1865 su*

1557 1880 1759 1918 iudeorum

1557 1934 1813 1984 2²Respondit
1833 1934 1996 1984 pilataus

1557 1989 1664 2040 quod
1683 1989 1817 2038 scripsi
1837 1989 1939 2039 scrip

1558 2044 1589 2082 si
1735 2043 1912 2081 ²³milites

1558 2109 1652 2148 ergo
1671 2109 1760 2135 cum
1780 2097 1883 2135 cruci
1903 2097 1928 2135 fi

1557 2152 1703 2190 xissent
1722 2151 1798 2189 ihm
1821 2151 1968 2202 adcepe

1557 2214 1643 2244 runt
1662 2207 1893 2244 uestimenta

1556 2261 1638 2298 eius
1657 2267 1695 2298 et
1715 2260 1889 2299 fecerunt

1558 2321 1740 2366 quattuor
1758 2320 1886 2363 partes
1906 2314 1972 2352 uni

1558 2370 1695 2419 cuique
1715 2369 1824 2406 militi
1845 2375 1980 2417 parte·

1558 2423 1711 2460 Tunica
1734 2429 1864 2460 autem
1887 2422 1953 2471 qui
1975 2429 2057 2461 erat

1556 2483 1739 2515 contexta
1758 2476 1806 2514 de
1826 2488 1920 2526 supe

1556 2531 1645 2569 riori
1665 2543 1733 2580 per
1751 2537 1874 2568 totum
1895 2539 1976 2568 no-

1556 2591 1636 2624 erat
1655 2585 1854 2624 consutilis
1873 2582 1946 2622 ²⁴di

1556 2646 1694 2678 xerunt
1714 2650 1806 2688 ergo
1826 2639 1875 2677 ad
1896 2639 1932 2677 al

1557 2700 1742 2732 terutrum
1763 2705 1844 2731 non
1862 2693 1960 2732 isci‘·

1557 2748 1695 2786 damus
1714 2759 1800 2786 eam
1820 2747 1888 2785 sed
1909 2759 1973 2786 sor

1556 2804 1695 2841 tiamur
1713 2803 1761 2840 de
1780 2802 1841 2840 illa
1860 2802 1968 2840 cuius

1555 2858 1603 2895 sit
1622 2863 1663 2894 ut
1683 2856 1869 2907 scriptura
1887 2856 1927 2894 in

1555 2911 1706 2961 pleatur

2148 330 2371 370 Diuiserunt
2390 332 2462 371 sibi

2146 386 2377 425 uestimenta
2396 399 2486 425 mea

2147 446 2186 477 et
2205 452 2319 490 super
2337 442 2533 479 uestime-

2147 499 2229 531 tum
2249 506 2379 532 meum
2400 496 2453 533 mi

2148 554 2277 586 serunt
2296 555 2441 587 sortem

2094 599 2145 638 Et
2164 601 2288 640 militis
2307 603 2466 652 quidem

2093 653 2191 693 haec
2210 655 2382 694 fecerunt

2094 707 2292 747 2⁵Stabant
2311 716 2440 749 autem
2459 710 2565 750 iuxta

2094 774 2250 801 crucem
2270 763 2334 802 ihu
2353 771 2476 802 mater

2093 816 2176 855 eius
2196 823 2234 855 et
2253 829 2361 856 soror
2379 819 2511 857 matris

2094 871 2177 909 eius
2197 872 2316 910 maria
2335 872 2522 922 cleophae

2094 932 2132 963 et
2150 926 2270 964 maria
2289 926 2541 976 magdalenae

2093 978 2230 1018 ²⁶Cum
2249 980 2406 1019 uidisset
2425 988 2555 1020 autem

2094 1033 2154 1072 ihs
2174 1041 2335 1072 matrem
2355 1041 2393 1072 et
2412 1035 2472 1074 dis

2093 1089 2265 1138 cipulum
2285 1089 2493 1127 adstante·-

2093 1155 2212 1193 quem
2231 1142 2413 1193 diligebat
2431 1143 2484 1181 ait

2093 1197 2205 1234 matri
2226 1209 2316 1235 suae
2335 1197 2473 1235 mulier

2092 1263 2184 1289 ecce
2205 1251 2301 1289 filius
2321 1258 2408 1289 tuus
2452 1251 2537 1290 ²⁷de

2091 1305 2181 1343 inde
2202 1305 2291 1343 dicit
2311 1305 2499 1355 discipulo

2091 1371 2183 1397 ecce
2203 1366 2327 1396 mater
2345 1366 2410 1397 tua

2090 1413 2142 1451 Et
2161 1426 2208 1451 ex
2229 1414 2291 1451 illa
2311 1413 2406 1451 hora
2426 1413 2522 1452 adce

2091 1468 2148 1518 pit
2167 1468 2273 1506 illam
2292 1468 2501 1518 discipulus

2092 1522 2132 1559 in
2153 1533 2222 1559 sua

2091 1574 2284 1614 ²⁸Posttea
2298 1575 2356 1614 ihs
2371 1576 2497 1615 sciens
2511 1587 2591 1627 quo

2091 1662 2210 1701 Niam
2229 1662 2305 1701 iam
2326 1663 2459 1701 omnia

2091 1723 2362 1756 consummata
2381 1724 2471 1756 sunt

2091 1778 2134 1809 ut
2153 1772 2340 1822 scriptura
2359 1772 2488 1822 inplea

2091 1832 2152 1863 tur
2188 1826 2241 1864 ait
2278 1826 2365 1864 sitio

2090 1880 2177 1918 2*Ἐϊ
2195 1892 2264 1918 uas
2283 1880 2452 1930 positum
2472 1887 2554 1919 erat

2091 1941 2204 1973 aceto
2223 1934 2382 1984 plenum
2403 1946 2504 1984 spon

2091 1989 2196 2038 giam
2215 2000 2309 2037 ergo
2328 1988 2486 2038 plenam

2091 2049 2171 2081 erat
2190 2049 2300 2081 aceto
2342 2042 2508 2092 perticae

2090 2098 2427 2147 circumponentes

2090 2151 2310 2189 obtulerunt
2331 2150 2388 2188 ori
2407 2151 2488 2188 eius

2089 2205 2228 2244 ³⁰Cum
2247 2216 2341 2254 ergo
2361 2204 2576 2255 adcepisset

2090 2259 2150 2297 ihs
2169 2267 2320 2297 acetum
2342 2259 2436 2297 dixit
2455 2270 2532 2298 con

2091 2321 2324 2351 summatum
2344 2319 2402 2351 est

2089 2367 2140 2406 Et
2160 2367 2343 2405 inclinato
2362 2366 2486 2416 capite

2090 2420 2244 2459 tradidit
2264 2424 2352 2470 spm
2389 2420 2549 2460 ³¹iudaei

2089 2487 2183 2525 ergo
2204 2476 2387 2526 quoniam
2408 2488 2460 2525 pa

2090 2541 2288 2568 rasceuem
2308 2541 2447 2568 cenam

2088 2590 2319 2635 parauerant
2338 2595 2387 2621 ne
2406 2595 2447 2621 re

2089 2644 2263 2676 maneret
2283 2639 2322 2676 in
2342 2648 2496 2676 crucem

2089 2692 2129 2730 in
2149 2703 2314 2742 corpora
2332 2692 2371 2729 in
2390 2692 2512 2729 sabba

2088 2755 2130 2784 to
2185 2752 2265 2784 erat
2284 2745 2387 2783 enim
2407 2756 2499 2792 mag

2089 2812 2161 2838 nus
2181 2800 2262 2837 dies
2280 2799 2378 2836 illius
2398 2798 2535 2836 sabba'

2087 2855 2115 2892 ti
2136 2858 2368 2903 rogauerunt
2388 2852 2465 2901 pila

2087 2914 2171 2946 tum
2190 2913 2231 2946 ut
2250 2906 2487 2957 frangeretur
