2820 3334
408 202 459 240 54

407 279 492 310 1¹01.
506 279 588 309 105.

410 321 450 360 Si
468 322 629 360 sabbato
649 326 798 360 curaret
816 326 857 358 ut

567 385 588 406 n

407 419 600 458 inueniret
619 417 722 456 unde
741 429 815 456 acu

407 480 584 511 sarentur
601 472 706 510 illum

409 527 519 577 ⁸Ipse
538 537 633 564 uero
652 525 798 564 sciebat
820 524 910 575 cogi

405 581 572 619 tationes
591 591 725 618 eorum
744 585 783 617 et

405 635 457 673 ait
477 634 623 672 homini
643 633 709 684 qui
728 632 828 671 habe

405 689 471 726 bat
490 699 650 726 manum
669 687 816 725 aridam

405 754 518 792 surge
539 749 576 780 et
596 749 655 780 sta
674 742 713 780 in
733 740 862 779 medio

405 803 444 835 et
464 808 627 846 surgens
647 796 753 834 stetis
772 795 844 833 ⁹ait

403 857 534 889 autem
553 849 602 888 ad
621 849 705 888 illos
723 849 783 887 ihs
802 850 843 887 in

404 904 609 954 terrogabo
627 916 700 942 uos
719 904 750 942 si
770 902 795 940 li

403 965 466 999 cet
485 958 648 997 sabbato
666 958 766 995 bene
788 956 827 994 fa

404 1025 491 1052 cere
511 1024 560 1050 an
578 1011 679 1050 male
698 1011 826 1049 facere

404 1067 576 1104 animam
597 1065 744 1103 saluam
763 1065 800 1103 fa

404 1132 491 1158 cere
510 1132 561 1157 an
579 1119 739 1169 perdere

403 1173 489 1212 ¹⁰Et
507 1172 795 1223 circumspectis
814 1171 889 1211 illis

403 1228 586 1266 omnibus
605 1228 645 1265 in
664 1228 720 1265 ira
740 1226 836 1264 dixit

404 1281 554 1320 homini
573 1281 737 1320 extende
756 1292 823 1319 ma

403 1348 499 1374 num
518 1343 626 1374 tuam

403 1389 456 1428 Et
474 1390 646 1428 extendit
665 1394 703 1427 et
722 1388 854 1427 restitu

401 1451 443 1482 ta
461 1451 519 1483 est
537 1455 676 1482 manus
696 1443 777 1481 eius
822 1441 908 1480 ¹¹illi

403 1504 532 1537 autem
551 1497 685 1548 repleti
704 1502 793 1535 sunt
812 1497 853 1534 in

403 1553 559 1603 iquitate
579 1559 616 1590 et
635 1551 827 1601 conloque

403 1607 545 1645 bantur
563 1606 613 1644 ad
631 1605 797 1644 inuicem

403 1693 511 1741 Quid
529 1692 698 1731 facerent
718 1691 766 1730 de
785 1691 852 1730 ihu

403 1747 601 1786 ¹²Factum
619 1753 677 1785 est
696 1752 826 1784 autem

404 1802 444 1840 in
462 1801 535 1840 illis
554 1801 689 1839 diebus
708 1800 799 1839 exiit

404 1856 447 1894 in
465 1861 643 1894 montem
662 1866 771 1893 orare

406 1916 445 1949 et
463 1915 546 1948 erat
564 1915 799 1960 pernoctans

405 1964 446 2002 in
467 1964 685 2003 orationem
704 1962 746 2000 di

405 2027 509 2055 xlm
517 2017 689 2056 ”Etcum
696 2017 771 2054 dies
771 2017 910 2068 sactus

406 2078 466 2110 est
484 2071 641 2110 uocauit
660 2070 709 2109 ad
729 2082 770 2109 se
791 2070 851 2110 dis

406 2125 558 2176 cipulos
577 2136 670 2163 suos
687 2131 726 2163 et
744 2124 802 2163 ele

407 2180 464 2230 git
485 2179 690 2218 duodecim
710 2191 759 2216 ex
779 2179 818 2228 ip

408 2234 461 2272 sis
482 2245 582 2284 quos
601 2239 639 2271 et
659 2232 856 2282 apostolus

408 2288 624 2326 nominauit
644 2286 778 2325 ¹⁴simo

408 2353 501 2380 nem
520 2348 672 2392 petrum
692 2352 810 2391 quem

408 2395 703 2446 cognominauit
721 2402 760 2433 et

410 2449 623 2488 andreham
643 2449 796 2487 fratrem

410 2505 492 2542 eius
528 2504 709 2542 iacobum
729 2515 773 2541 ze

410 2557 522 2596 bedei
541 2564 578 2596 et
597 2557 806 2596 iohannem

410 2611 566 2649 fratrem
586 2612 666 2650 eius
703 2611 769 2661 phi

410 2665 561 2715 lippum
581 2672 618 2703 et
638 2665 813 2703 barthole

413 2731 545 2757 meum
583 2719 656 2757 ¹⁵et
675 2720 876 2757 mattheu-

413 2778 453 2810 et
471 2772 646 2810 thomam
679 2779 717 2809 et
734 2773 819 2811 iaco

414 2827 508 2864 bum
527 2825 613 2863 alfei
632 2832 670 2863 et
688 2826 866 2864 simone*

414 2881 480 2929 qui
499 2886 661 2918 uocatur
679 2879 821 2917 zelotes

416 2933 484 2973 ¹⁶et
502 2933 633 2972 iudam
651 2933 776 2973 iacobi
796 2941 833 2971 et
853 2934 891 2972 iu

661 190 706 229 E
709 189 779 228 UA
786 189 836 229 N
836 188 986 229 GELI
984 187 1079 228 UM
1099 187 1176 228 SE
1177 189 1211 227 C

946 318 1051 357 Dam
1071 317 1238 357 scarioth
1258 319 1324 369 qui

945 373 1068 412 sactus
1087 379 1146 411 est
1165 373 1324 412 traditor

944 425 1029 465 ¹⁷Et
1049 427 1248 466 descendit
1267 439 1358 466 cum

944 480 1016 519 illis
1035 488 1073 519 et
1093 482 1195 520 stetit
1213 482 1253 519 in
1272 481 1362 521 loco

942 535 1149 585 campestri
1168 541 1206 573 et
1224 541 1287 573 tur

943 589 995 627 ba
1014 589 1291 639 discipulorum
1311 588 1394 628 eius

943 648 982 681 et
1001 642 1208 682 multitudo
1226 643 1342 693 copio

943 708 986 735 sa
1004 697 1128 747 plebis
1147 698 1196 736 ab
1215 697 1322 736 omni
1342 697 1382 735 iu

942 750 1040 789 daea
1059 757 1097 790 et
1115 751 1347 789 iherusalem

942 812 980 843 et
998 811 1106 843 trans
1125 805 1264 843 fretum
1283 811 1321 844 et

942 859 1135 897 maritima
1154 859 1226 908 tyri
1246 866 1284 897 et

942 912 1087 951 sidonis
1106 913 1207 963 ¹⁸qui
1226 918 1400 951 ueneru-

941 973 983 1004 ut
1003 966 1181 1004 audirent
1199 979 1289 1005 eum
1309 972 1347 1004 et

942 1027 1170 1058 sanarentur
1189 1032 1213 1058 a
1232 1020 1296 1058 lan

941 1074 1126 1124 guoribus
1147 1075 1224 1113 suis
1243 1080 1282 1113 et
1301 1074 1368 1125 qui

942 1129 1184 1166 uexebantur
1204 1129 1253 1167 ab
1275 1129 1333 1179 spi

941 1181 1077 1220 ritibus
1095 1182 1292 1221 inmundis

941 1237 1175 1274 curabantur
1194 1236 1266 1274 ¹⁹et
1285 1248 1352 1275 om

941 1290 1002 1328 nis
1020 1291 1131 1328 turba
1149 1291 1348 1340 quereba-

941 1355 1032 1381 eum
1051 1350 1208 1394 tangere
1228 1345 1319 1395 quia

940 1398 1062 1436 uirtus
1082 1398 1130 1436 de
1150 1398 1216 1436 illo
1235 1399 1321 1437 exie

941 1451 1008 1490 bat
1027 1458 1066 1490 et
1086 1453 1249 1491 sanabat
1269 1464 1336 1491 om

940 1517 1012 1544 nes
1174 1506 1249 1544 ²⁰et
1267 1507 1308 1557 ip

940 1571 982 1599 se
1002 1559 1137 1598 leuatis
1156 1560 1276 1599 oculis
1295 1562 1337 1599 in

940 1688 1151 1739 discipulos
1170 1690 1323 1729 dicebat

940 1742 1050 1781 Beati
1069 1755 1259 1794 pauperes
1279 1757 1359 1795 quo

939 1798 1045 1835 niam
1065 1798 1238 1847 ipsorum
1257 1807 1315 1838 est

938 1863 1104 1900 regnum
1122 1851 1163 1890 di

941 1905 1086 1944 ²¹Beati
1106 1906 1172 1957 qui
1191 1919 1294 1946 nune
1314 1906 1415 1946 esuri

1181 1964 1218 1992 nt

942 2008 1012 2041 unt
1031 2009 1069 2041 et
1089 2003 1219 2042 sitium
1238 2004 1331 2055 quia
1350 2015 1393 2043 sa

942 2058 1172 2096 turabuntur

943 2110 1054 2149 Beati
1074 2112 1139 2161 qui
1159 2124 1264 2152 nune
1284 2112 1383 2151 fletis

944 2165 1036 2215 quia
1055 2164 1218 2204 ridebitis

942 2218 1088 2256 ²²Beati
1112 2221 1214 2258 eritis
1235 2232 1325 2259 cum
1344 2231 1417 2259 uos

944 2273 1108 2312 odierint
1126 2273 1306 2312 homines

945 2334 984 2365 et
1003 2338 1095 2365 cum
1116 2329 1350 2378 separabunt

946 2393 1019 2419 uos
1044 2389 1082 2419 et
1102 2394 1193 2419 cum
1212 2382 1337 2420 eicent

946 2442 985 2473 et
1004 2436 1277 2486 exprobabunt
1296 2447 1350 2474 no

947 2502 1039 2528 men
1058 2496 1230 2528 uestrum
1250 2496 1330 2527 tam

949 2556 1069 2594 quam
1089 2543 1236 2582 malum
1273 2555 1374 2594 prop

948 2605 1005 2637 ter
1025 2598 1148 2636 filium
1168 2597 1336 2636 hominis

949 2653 978 2675 ²⁸
984 2652 1150 2703 gaudete
1170 2652 1210 2689 in
1229 2652 1292 2690 illa
1310 2651 1372 2690 die
1392 2658 1430 2690 et

948 2707 1115 2745 exultate
1134 2718 1226 2744 ecce
1245 2706 1348 2744 enim

949 2762 1087 2799 mercis
1106 2767 1235 2799 uestra
1254 2760 1334 2798 mul

948 2821 989 2854 ta
1007 2821 1065 2853 est
1085 2815 1125 2853 in
1144 2814 1230 2853 celo
1250 2826 1372 2853 secun

1308 2877 1331 2899 n

950 2911 1043 2949 dum
1063 2910 1158 2949 haec
1179 2911 1341 2950 faciebat

949 2964 1147 3015 prophetis
1166 2972 1293 3015 patres
1311 2977 1359 3003 eo

951 3030 1037 3056 rum
1056 3017 1226 3056 “uerum
1245 3025 1375 3057 tamen

1927 187 2228 228 LUCANUM

1521 275 1605 306 1¹01.
1622 276 1704 307 106.

1521 329 1592 357 uae
1612 318 1725 357 uobis
1744 317 1926 357 diuitibus

1519 372 1610 422 quia
1629 371 1778 410 habetis
1797 383 1919 410 consu

1518 425 1702 464 lationem
1722 432 1893 464 uestram

1516 478 1635 518 ”Uae
1654 480 1768 518 uobis
1787 480 1853 529 qui
1873 485 2003 518 satura

1516 533 1543 571 ti
1561 534 1652 572 estis
1672 533 1763 584 quia
1781 533 1952 572 esurietis

1515 586 1600 625 Uae
1620 588 1732 626 uobis
1752 587 1817 638 qui
1835 588 1966 627 ridetis

1516 653 1620 680 nunc
1641 642 1732 692 quia
1750 641 1929 691 lugebitis

1515 701 1553 732 et
1572 695 1712 734 flebitis

1515 749 1543 771 ²⁶
1550 748 1634 787 Uae
1650 761 1739 788 cum
1755 749 2019 788 benedixerim

1514 804 1626 842 uobis
1645 804 1773 842 omnis
1792 803 1900 842 homi

1515 857 1575 895 nis
1595 857 1810 895 secundum
1829 857 1926 897 haec

1514 910 1676 949 faciebat
1695 911 1919 961 pseudopro

1514 964 1600 1003 fetis
1619 971 1748 1015 patres
1767 977 1904 1004 eorum

1513 1018 1628 1058 ”Sed
1642 1019 1754 1058 uobis
1773 1019 1863 1058 dico
1883 1019 1950 1070 qui
1969 1032 2018 1058 au

1514 1072 1601 1111 ditis
1621 1073 1765 1123 diligite
1784 1073 1891 1111 inimi

1514 1139 1583 1166 cos
1603 1134 1754 1166 uestros
1773 1128 1873 1166 bene
1893 1126 1932 1166 fa

1515 1181 1587 1219 cite
1607 1180 1666 1219 his
1685 1182 1753 1231 qui
1772 1182 1936 1220 oderunt

1514 1247 1585 1274 uos
1603 1234 1854 1274 ²⁸benedicite
1873 1248 1939 1274 ma

1514 1289 1724 1328 ledicentes
1743 1301 1816 1328 uos
1835 1301 1904 1328 ora

1514 1349 1550 1380 te
1569 1355 1642 1393 pro
1662 1343 1914 1382 calumnianti

1515 1397 1587 1435 bus
1606 1408 1679 1436 uos
1933 1395 2018 1450 [ma

1513 1450 1599 1489 29Εε
1626 1451 1693 1502 qui
1721 1456 1760 1489 te
1786 1452 1949 1501 percutit
1978 1452 2018 1489 in

1514 1505 1643 1543 xillam
1663 1505 1783 1555 prebe
1803 1505 1837 1542 ei
1857 1505 1932 1544 alte

1513 1571 1595 1597 ram
1630 1565 1667 1597 et
1686 1571 1777 1597 eum
1796 1559 1862 1609 qui
1881 1571 1932 1598 au

1513 1689 1625 1728 Feret
1643 1689 1713 1728 tibi
1732 1689 1905 1729 tunicam

1512 1745 1628 1782 etiam
1647 1752 1685 1782 et
1705 1744 1863 1794 pallium

1512 1799 1592 1837 noli
1611 1798 1818 1849 prohibere
1838 1791 1940 1837 30οῐῐί

1513 1895 1553 1935 ni
1573 1896 1722 1946 potenti
1741 1902 1779 1934 te
1798 1862 1918 1934 tribge

1513 1957 1551 1989 et
1571 1950 1636 2001 qui
1656 1949 1804 1988 auferet
1825 1962 1848 1988 a
1867 1956 1904 1988 te
1924 1962 2001 2001 que

1515 2011 1580 2043 tua
1601 2010 1690 2042 sunt
1709 2004 1789 2043 noli
1808 2004 1923 2054 prohi

1514 2059 1605 2097 bere

1514 2111 1840 2162 ⁸¹Etpr0utuultis
1848 2110 2021 2151 utfacia’

1517 2167 1630 2205 uobis
1650 2165 1818 2205 hominis
1837 2166 1912 2205 faci

1516 2221 1564 2258 tis
1583 2220 1655 2258 illis
1674 2220 1845 2258 similiter

1517 2275 1546 2296 ³²
1554 2274 1603 2312 Et
1623 2275 1654 2312 si
1674 2274 1827 2324 diligitis
1846 2285 1912 2312 eos
1931 2274 1998 2325 qui

1518 2340 1591 2366 uos
1611 2328 1776 2378 diligunt
1795 2340 1895 2379 quae
1914 2329 1985 2367 erit

1518 2382 1630 2421 uobis
1649 2382 1771 2432 gratia
1826 2394 1919 2420 nam

1518 2442 1556 2474 et
1575 2443 1799 2486 peccatores
1819 2436 1884 2474 dili

1518 2496 1613 2540 gunt
1632 2489 1833 2540 diligentes
1853 2501 1894 2528 se

1518 2545 1591 2582 ”et
1612 2544 1642 2582 si
1662 2545 1761 2582 bene
1781 2543 1944 2582 feceritis

1518 2598 1577 2636 his
1595 2598 1661 2648 qui
1679 2598 1791 2636 uobis
1810 2598 1910 2636 bene

1519 2652 1666 2691 faciunt
1701 2663 1802 2702 quae
1820 2663 1873 2690 uo

1521 2707 1580 2745 bis
1599 2706 1670 2744 erit
1687 2706 1807 2756 gratia
1829 2718 1920 2744 cum

1521 2767 1559 2798 et
1578 2767 1802 2810 peccatores
1821 2759 1895 2799 hoc

1522 2814 1662 2853 saciant

1521 2868 1607 2907 ⁸⁴Et
1627 2868 1658 2907 si
1677 2874 1855 2908 mutuum
1875 2866 1972 2906 dede

1523 2923 1603 2961 ritis
1622 2922 1680 2960 his
1700 2934 1723 2960 a
1742 2922 1883 2972 quibus
1898 2933 1966 2971 spe

1523 2976 1612 3015 ratis
1632 2976 1799 3026 recipere
1818 2987 1917 3026 quae

2365 187 2433 242 [vr.
2455 202 2558 240 7-41.

2053 317 2187 357 Gratia
2205 324 2262 357 est
2281 319 2394 359 uobis
2413 333 2505 359 narn

2053 379 2092 411 et
2112 380 2336 422 peccatores
2355 386 2475 424 pecca

2052 427 2201 465 toribus
2219 426 2393 467 fenerant

2052 486 2096 517 ut
2113 480 2298 531 recipiant

2051 532 2235 573 8¹⁵Uerum
2254 541 2384 573 tamen
2403 547 2492 575 ama

2052 593 2090 625 te
2110 588 2285 627 inimicos
2303 596 2453 628 uestros

2054 647 2092 678 et
2111 642 2210 680 bene
2231 642 2343 681 facite
2362 650 2400 681 et
2418 655 2487 682 mu

2053 701 2136 733 tum
2155 695 2241 734 date
2261 696 2354 734 nihil
2373 697 2489 748 despe

2054 756 2182 787 rantes
2202 756 2240 787 et
2259 751 2329 788 erit
2346 762 2429 788 mer

2053 815 2120 841 ces
2139 810 2266 842 uestra
2285 804 2406 842 multa
2423 811 2461 843 et

2053 857 2155 895 eritis
2175 858 2227 895 fili
2246 858 2421 896 altissimi

2053 911 2144 962 quia
2163 912 2245 961 ipse
2264 912 2456 962 benig’nus

2051 972 2110 1004 est
2129 977 2244 1015 super
2262 966 2439 1016 ingratos

2052 1026 2090 1056 et
2108 1020 2233 1058 malos

2052 1073 2223 1112 ³⁶Est0te
2242 1073 2510 1113 misericordes

2052 1127 2149 1166 sicut
2168 1134 2206 1165 et
2225 1134 2333 1178 pater
2353 1135 2481 1167 uester

2052 1181 2273 1220 misericors
2291 1188 2350 1219 est

2051 1234 2216 1273 ”Nolite
2235 1235 2403 1274 iudicare
2423 1242 2461 1273 et
2481 1235 2529 1274 de

2051 1289 2164 1327 uobis
2184 1302 2264 1328 non
2283 1290 2510 1328 iudicabitur

2052 1343 2170 1381 nolite
2190 1343 2414 1382 condemna

2052 1409 2097 1435 re
2116 1404 2158 1434 ut
2177 1409 2258 1435 non
2277 1397 2447 1436 condem

2052 1451 2146 1489 nimi
2165 1451 2344 1489 dimittite
2365 1458 2403 1489 et

2052 1505 2295 1543 dimittemini
2327 1505 2413 1543 ³⁸da

2054 1565 2093 1597 te
2114 1565 2152 1597 et
2173 1558 2325 1597 dabitur
2342 1559 2456 1598 uobis

2053 1688 2283 1727 Mensuram
2302 1690 2450 1728 bonam

2052 1743 2330 1782 conmodatam
2350 1756 2427 1783 con

2052 1797 2193 1836 fersam
2212 1798 2360 1836 dabunt
2378 1809 2425 1836 su

2053 1851 2386 1902 pereffundentem

2054 1906 2095 1943 in
2114 1906 2241 1944 sinum
2259 1912 2431 1944 uestrum

2053 1959 2190 1998 eadem
2209 1971 2431 1998 mensuram

2054 2025 2174 2064 quam
2193 2014 2334 2052 metitis
2352 2013 2448 2051 remi

2054 2068 2169 2106 tietur
2188 2068 2301 2107 uobis
2320 2067 2510 2106 ”dicebat

2054 2128 2186 2161 autem
2205 2128 2243 2160 et
2262 2121 2457 2160 similitudi

2055 2187 2148 2214 nem

2054 2229 2257 2280 Numquid
2277 2235 2403 2279 potest
2422 2240 2536 2268 cecus

2054 2296 2190 2322 cecum
2210 2284 2349 2321 ducere
2368 2295 2450 2322 non

2054 2350 2104 2376 ne
2123 2338 2240 2375 ambo
2260 2337 2299 2374 in
2318 2337 2432 2377 fouea
2451 2349 2499 2376 ca

2056 2391 2149 2430 dent

2053 2444 2182 2484 ⁴⁰Non
2202 2451 2261 2483 est
2286 2444 2494 2496 discipulus
2513 2456 2560 2483 su

2053 2512 2122 2550 per
2142 2499 2369 2549 magistrum
2401 2511 2470 2550 per

2056 2554 2178 2592 fectus
2198 2560 2327 2592 autem
2346 2554 2474 2592 omnis

2055 2608 2126 2646 erit
2145 2614 2188 2645 ut
2207 2608 2255 2646 sit
2275 2608 2372 2646 sicut
2390 2607 2515 2657 magis

2055 2668 2115 2700 ter
2133 2662 2217 2700 eius

2057 2724 2112 2752 xv
2121 2715 2147 2736 ⁴¹
2154 2715 2259 2763 Quid
2265 2718 2383 2752 aulem
2391 2714 2559 2764 ur'desfis

2056 2776 2185 2808 tucam
2204 2770 2243 2806 in
2263 2769 2418 2806 oculum

2055 2823 2179 2861 fratris
2198 2822 2251 2860 tui
2271 2822 2418 2859 trabem

2056 2883 2185 2915 autem
2205 2887 2279 2926 que
2298 2875 2338 2912 in
2358 2874 2476 2913 oculo

2056 2937 2122 2969 tuo
2141 2936 2199 2969 est
2218 2940 2296 2967 non
2315 2928 2470 2967 conside
