2820 3334
318 241 594 275 xvn1.30-—X1x.
618 225 689 280 ²7·]
746 226 1158 266 EUANGELIUM
1184 227 1297 266 SEC

320 318 403 347 1¹01.
419 317 498 347 135.

322 360 497 409 Recipiat
518 358 657 409 septies
677 364 745 396 tan

319 424 402 452 tum
422 415 461 451 in
481 414 556 451 hoc
575 420 750 462 tempore

319 469 359 506 in
380 467 511 507 seculo
531 473 661 505 autem
681 473 758 506 ue-

319 529 406 560 turo
426 523 545 560 uitam
566 529 671 559 aeter

319 589 411 615 nam
431 576 644 626 possidebit

319 642 372 668 Lx
389 630 453 668 ³1A
461 632 644 680 dsumpszr
659 635 779 668 aulem

318 686 377 723 ihs
397 685 603 723 duodecim
623 684 682 722 dis

318 740 468 790 cipulos
489 746 526 777 et
546 740 597 777 ait
616 739 687 776 illis
707 751 752 778 ec

318 807 363 833 ce
384 794 628 832 ascendimus
648 793 710 830 ihe

319 849 503 888 rosolima
521 855 558 886 et
579 854 732 886 consu-

317 905 526 941 mabuntur
545 903 679 940 omnia

317 1013 394 1051 que
416 1001 555 1051 scripta
574 1007 663 1038 sunt
675 966 732 1049 {iet}

317 1055 527 1105 prophetas
546 1054 593 1092 de
614 1054 691 1092 filio
711 1054 763 1092 ho

317 1110 432 1148 minis
519 1108 722 1146 32tradetur

317 1164 422 1201 enim
442 1163 620 1213 gentibus
640 1170 674 1201 et
697 1163 736 1200 in

316 1217 469 1256 ludetur
489 1224 526 1255 et
545 1224 717 1266 expuent

317 1272 358 1310 in
378 1285 469 1310 eum
488 1272 560 1309 33et
578 1271 734 1321 flagella

316 1334 399 1365 tum
418 1326 598 1365 occident
617 1326 723 1363 illum

316 1387 353 1418 et
373 1381 482 1419 tertia
502 1381 562 1418 die
582 1393 690 1419 resur

316 1442 380 1485 get

314 1490 400 1527 ³⁴Et
418 1489 489 1540 ipsi
509 1489 602 1527 nihil
617 1489 757 1527 horum
777 1488 817 1526 in

315 1544 543 1582 tellexerunt
579 1550 617 1582 et
636 1550 718 1581 erat

315 1600 478 1636 uerbum
499 1598 685 1637 abscondi

316 1660 399 1691 tum
419 1654 468 1691 ab
488 1653 543 1691 eis
562 1665 610 1691 ex
630 1652 688 1691 his
708 1664 784 1702 que

315 1739 482 1778 Dicebat

314 1794 512 1833 3⁵Factum
532 1800 589 1832 est
607 1801 735 1832 autem

315 1849 407 1887 dum
428 1849 672 1898 adpropiaret

315 1903 456 1942 iherieo
513 1909 550 1940 et
569 1915 669 1941 unus

316 1969 457 1996 caecus
478 1957 638 1995 sedebat
658 1969 699 1995 se

314 2024 383 2050 cus
402 2012 506 2050 uiam
526 2011 659 2049 mendi

315 2079 409 2105 cans
429 2067 502 2104 3‘³et
522 2078 611 2104 eum
632 2066 723 2104 audi

314 2127 371 2158 ret
390 2122 543 2158 turbam
562 2127 668 2170 prete

314 2182 489 2213 reuntem
510 2176 651 2213 interro

312 2231 431 2279 gabat
451 2229 544 2280 quid
565 2229 639 2267 hoe
659 2241 700 2267 es

312 2290 370 2321 set
516 2283 715 2321 ³⁷dixeru*

314 2345 442 2375 autem
463 2338 497 2376 ei
518 2338 621 2388 quod
643 2338 700 2376 ihs

313 2404 500 2430 nazoreus
520 2392 652 2430 transit

313 2446 400 2484 ⁸⁸Et
413 2446 593 2484 clamauit
606 2447 739 2485 dicens
755 2446 814 2485 ihs

315 2500 368 2537 fili
389 2500 504 2538 dauid
524 2501 705 2538 miserere

313 2555 390 2591 mei

313 2608 400 2645 ³⁹Et
419 2607 486 2658 qui
505 2608 680 2657 preibant
699 2608 803 2647 incre

314 2663 461 2712 pabant
480 2674 570 2700 eum
603 2669 644 2700 ut
664 2668 702 2700 ta

315 2723 420 2755 ceret

313 2771 403 2821 Ipse
429 2783 521 2809 uero
541 2770 662 2809 multo
681 2782 747 2809 ma

313 2826 373 2875 gis
393 2825 587 2864 clamabat
619 2825 671 2862 fili
692 2825 742 2864 da

313 2879 380 2917 uid
399 2880 579 2918 miserere
599 2880 677 2917 mei

314 2933 464 2972 ⁴⁰Stans
483 2941 611 2972 autem
632 2934 689 2972 ihs
710 2934 768 2973 ius

314 2988 361 3027 sit
380 2988 488 3027 illum
508 2988 646 3028 adduci
667 2994 704 3027 et

854 358 956 397 Cum
977 359 1184 409 adpropias

853 419 909 451 set
929 413 1179 463 interrogauit

853 467 961 505 illum
981 467 1146 506 ⁴¹dicens
1166 466 1261 518 quid

853 522 923 560 tibi
943 522 1002 560 uis
1022 522 1161 561 faciam

853 576 917 614 Ad
937 576 998 615 ille
1018 577 1112 614 dixit
1131 582 1173 614 ut
1192 575 1281 614 uide

853 643 918 668 am
939 631 1028 668 dffie

852 685 938 723 ⁴²Et
958 684 1197 735 respondens
1218 684 1311 722 dixit

853 739 904 778 illi
924 739 983 778 ihs
1002 739 1149 788 respice
1170 738 1266 777 fides

853 800 919 832 tua
938 801 975 832 te
995 793 1146 831 saluum
1166 793 1254 831 fecit

852 848 937 886 ⁴³Et
957 848 1159 887 confestim
1178 847 1271 886 uidit
1291 853 1328 886 et

854 904 1086 952 sequebatur
1101 914 1191 940 eum

851 957 1107 1006 magnificans
1121 956 1190 994 dm

853 1018 891 1050 et
911 1024 1050 1049 omnes
1072 1011 1179 1061 plebs
1200 1017 1240 1049 ut

852 1066 947 1104 uidit
967 1065 1071 1104 dedit
1091 1065 1144 1104 do
1163 1065 1226 1103 lau

854 1120 944 1158 dem

857 1184 893 1212 19
913 1174 982 1212 ¹Et
1001 1175 1197 1224 ingressus
1219 1186 1352 1224 peram

851 1229 1010 1267 bulabat
1030 1229 1172 1267 hierico

853 1293 925 1320 LXI
940 1282 1018 1320 2Et
1033 1296 1106 1321 ecce
1125 1284 1191 1320 uir
1210 1284 1354 1321 nomine

851 1338 1040 1375 zaccheus
1096 1344 1133 1376 et
1153 1337 1215 1375 hic

850 1399 930 1430 erat
950 1393 1132 1442 princeps
1153 1391 1259 1441 publi

852 1459 1039 1485 canorum
1089 1454 1127 1485 et
1148 1447 1229 1496 ipse

851 1501 960 1540 diues
980 1508 1061 1539 erat
1098 1502 1155 1539 3et
1175 1513 1251 1550 que

850 1556 958 1594 rebat
976 1556 1058 1593 ihm
1077 1555 1208 1593 uidere

851 1610 938 1661 quis
958 1617 1059 1648 esset
1078 1617 1115 1648 et
1134 1622 1215 1648 non
1234 1621 1287 1660 po

851 1740 972 1778 Terat
991 1752 1060 1790 pre
1080 1741 1192 1778 turba
1207 1740 1298 1790 quia

851 1801 997 1833 statura
1015 1794 1173 1844 pusillus
1193 1801 1272 1833 erat

851 1850 909 1887 ‘et
929 1861 1160 1899 precurrens
1180 1855 1299 1887 asce-

851 1904 905 1942 dit
926 1904 965 1941 in
986 1905 1163 1942 arborem
1183 1916 1276 1953 syco

850 1970 1003 1996 morum
1023 1964 1064 1995 ut
1083 1958 1231 1996 uideret

850 2012 958 2050 illum
1015 2012 1105 2062 quia
1126 2012 1188 2050 illa
1210 2025 1280 2063 par

849 2073 884 2105 te
906 2073 985 2105 erat
1006 2067 1233 2105 transiturus

850 2121 920 2159 ⁵Et
935 2121 1079 2159 factum
1092 2128 1149 2159 est
1162 2121 1254 2159 dum
1268 2127 1353 2159 tra-

850 2176 897 2214 sit
917 2176 975 2214 ihs
996 2176 1092 2214 uidit
1113 2176 1218 2213 illum
1241 2188 1306 2214 sur

850 2242 936 2268 sum
958 2231 1150 2280 aspiciens
1171 2237 1209 2268 et
1229 2231 1267 2268 di

850 2285 904 2322 xit
925 2285 974 2322 ad
995 2297 1084 2322 eum
1118 2284 1306 2323 zaccheae

850 2339 1037 2377 festinans
1058 2339 1201 2377 descen

850 2393 897 2432 de
919 2394 1009 2444 quia
1029 2394 1066 2431 in
1089 2393 1207 2431 domo
1227 2399 1292 2432 tua

848 2454 999 2497 oportet
1018 2460 1081 2486 me
1100 2447 1247 2498 prande

848 2513 888 2539 re
908 2501 1024 2540 hodie

848 2555 918 2593 ⁶Et
939 2556 1124 2594 festinans
1143 2556 1284 2595 descen

848 2609 902 2647 dit
921 2617 958 2647 et
977 2611 1130 2660 excepit
1149 2611 1255 2648 illum

849 2663 1024 2712 gaudens
1098 2665 1155 2702 ⁷et
1173 2677 1263 2702 cum

848 2717 1023 2756 uiderent
1043 2730 1132 2756 eum
1152 2730 1218 2756 om

849 2783 918 2809 nes
939 2784 1188 2810 murmuraue

848 2831 938 2863 runt
958 2826 1064 2875 quod
1085 2826 1134 2863 ad
1154 2826 1262 2864 homi

848 2892 939 2917 nem
958 2887 1201 2929 peccatorem

849 2934 1003 2972 diuertit
1022 2947 1180 2973 manere

847 2988 983 3028 ⁸Stans
1009 2996 1135 3029 autem
1158 2987 1348 3028 zaccheus

1794 226 2093 266 LUCANUM

1421 315 1504 344 Fol.
1522 316 1602 345 136.

1421 357 1529 395 Dixit
1550 358 1599 395 ad
1619 357 1711 396 dom
1769 371 1861 397 ecce

1421 411 1621 450 dimidium
1642 414 1822 451 bonoru-

1421 478 1598 504 meorum
1620 467 1707 505 drhe
1729 467 1779 505 do
1798 479 1876 517 pau

1420 521 1575 570 peribus
1631 527 1669 558 et
1689 522 1719 559 si
1739 522 1831 572 quid

1421 575 1533 613 alicui
1553 575 1728 613 fraudaui
1749 576 1817 614 red

1421 629 1472 667 do
1493 630 1753 680 quadruplum

1420 683 1507 722 ⁹Ait
1527 690 1656 722 autem
1676 685 1735 722 ihs
1755 683 1804 722 ad
1823 684 1909 723 illos

1420 738 1527 788 quod
1547 738 1663 776 hodie
1684 739 1785 777 salus
1806 738 1857 777 hu

1419 793 1453 831 ic
1473 793 1607 831 domui
1628 792 1727 832 facta
1747 800 1804 832 est

1422 860 1470 886 eo
1491 848 1597 897 quod
1618 854 1655 886 et
1676 848 1758 898 ipse
1779 847 1877 886 filius

1422 902 1468 940 sit
1488 902 1655 940 abrahae
1711 902 1851 940 1⁰uenit

1421 956 1524 994 enim
1545 957 1643 994 filius
1662 956 1830 995 hominis

1423 1023 1581 1061 querere
1603 1018 1640 1049 et
1661 1011 1811 1049 saluum

1420 1065 1545 1103 facere
1566 1066 1672 1116 quod
1692 1066 1796 1116 perie

1422 1126 1480 1157 rat
1811 1117 1925 1172 [libus

1420 1183 1510 1211 LXII
1523 1173 1548 1194 ¹¹
1558 1173 1664 1211 Haec
1679 1175 1757 1212 z'llz's
1770 1176 1925 1212 audz'en-

1421 1229 1594 1266 adiciens
1615 1229 1709 1266 dixit
1730 1229 1816 1266 simi

1420 1283 1619 1321 litudinem
1640 1295 1688 1321 eo
1709 1282 1817 1333 quod

1421 1344 1520 1376 esset
1541 1350 1664 1387 prope
1684 1337 1792 1375 iheru

1421 1392 1543 1430 salem
1581 1398 1618 1430 et
1637 1392 1726 1441 quia
1746 1392 1829 1430 exis

1421 1446 1601 1484 timarent
1639 1446 1746 1496 quod
1767 1452 1842 1485 co*

1420 1500 1546 1540 festim
1565 1513 1726 1550 regnum
1746 1500 1787 1539 di

1421 1555 1732 1593 manifestaretur

1420 1609 1562 1648 1²Dixit
1581 1622 1672 1660 ergo
1692 1610 1850 1661 quidam
1871 1610 1924 1649 ho

1422 1741 1494 1780 Mo
1515 1741 1622 1779 diues
1642 1741 1761 1779 habiit

1423 1797 1462 1833 in
1483 1796 1682 1846 regionem
1702 1796 1769 1834 lon

1421 1851 1609 1901 ginquam
1630 1851 1805 1900 accipere

1423 1906 1495 1943 sibi
1514 1917 1678 1955 regnum
1697 1912 1734 1942 et
1754 1917 1795 1942 re

1422 1960 1519 1997 uerti
1616 1958 1688 1997 met
1708 1971 1810 1997 uoca

1421 2014 1477 2052 uit
1497 2014 1631 2052 decem
1652 2025 1787 2051 seruos

1421 2075 1459 2106 et
1480 2068 1583 2106 dedit
1603 2068 1674 2105 illis
1694 2067 1830 2105 decem

1422 2135 1535 2160 mnas
1591 2129 1629 2160 et
1649 2122 1699 2160 ait
1719 2122 1768 2160 ad
1788 2122 1813 2159 il

1422 2177 1480 2215 los
1500 2177 1752 2226 negotiamini
1773 2176 1854 2213 du-

1421 2232 1536 2270 uenio
1557 2231 1696 2269 ¹⁴ciues
1716 2238 1845 2269 autem

1421 2285 1583 2325 oderant
1603 2285 1708 2323 illum
1728 2291 1765 2323 et

1420 2341 1607 2378 miserunt
1626 2340 1769 2389 legatio

1421 2407 1511 2433 nem
1532 2401 1621 2445 post
1640 2395 1748 2432 illum
1768 2393 1882 2433 dice-

1420 2455 1478 2488 tes
1565 2449 1747 2487 nolumus

1418 2504 1522 2542 hunc
1543 2516 1704 2553 regnare
1724 2515 1770 2541 su

1419 2571 1488 2607 per
1508 2570 1582 2596 nos

1417 2611 1501 2649 ¹⁵Et
1521 2612 1665 2650 factum
1685 2617 1742 2649 est
1762 2611 1855 2649 dum

1418 2666 1560 2704 rediret
1581 2666 1748 2715 adcepto
1768 2678 1838 2715 reg

1418 2732 1470 2757 no
1490 2726 1527 2757 et
1547 2720 1655 2757 iussit
1674 2719 1809 2757 uocari

1418 2785 1550 2811 seruos
1600 2774 1740 2823 quibus
1761 2773 1809 2810 de

1418 2827 1473 2865 dit
1494 2828 1698 2877 pecuniam
1729 2833 1771 2864 ut
1790 2827 1845 2865 sci

1418 2888 1474 2919 ret
1493 2888 1681 2931 quantum
1702 2881 1787 2931 quis

1417 2948 1494 2986 que
1515 2937 1732 2987 negotiatus
1752 2947 1794 2974 es

1417 2998 1473 3029 set
1620 2990 1647 3011 ¹⁶
1655 2990 1761 3029 uenit
1780 2996 1895 3030 aute·-

2410 231 2459 278 69

1958 358 2110 396 Primus
2130 359 2262 397 dicens
2282 359 2358 398 dfie

1956 425 2050 451 mna
2069 419 2137 451 tua
2157 413 2294 451 decem

1955 479 2092 505 manas
2112 467 2318 518 adquisiuit

1955 521 2041 560 ”Et
2060 522 2111 560 ait
2131 522 2182 560 illi
2201 535 2301 572 euge
2321 534 2432 561 serue

1956 577 2059 614 bone
2079 577 2169 626 quia
2189 577 2229 614 in
2250 577 2357 615 modi

1957 643 2005 669 co
2027 630 2150 669 fidelis
2170 631 2272 670 fuisti
2292 632 2365 670 eris

1956 691 2186 735 potestatem
2208 685 2357 724 habens

1957 751 2076 789 Supra
2095 739 2232 778 decem
2252 741 2327 778 ciui

1958 795 2047 831 tatis

1956 846 2043 886 ¹⁸Et
2062 847 2156 886 alter
2174 849 2278 886 uenit
2298 848 2432 887 dicens

1957 915 2050 940 mna
2069 909 2135 940 tua
2157 902 2246 941 fecit
2266 903 2360 953 quin

1957 969 2033 1007 que
2053 969 2166 995 mnas
2186 956 2257 996 ¹⁹et
2277 958 2329 995 ait
2349 964 2387 996 et

1956 1011 2046 1050 huic
2067 1018 2105 1049 et
2125 1019 2165 1050 tu
2185 1018 2268 1050 esto
2290 1024 2407 1062 supra

1958 1066 2130 1116 quinque
2150 1067 2324 1104 ciuitates

1957 1118 2044 1158 ²⁰Et
2063 1120 2155 1158 alter
2174 1121 2279 1159 uenit
2298 1121 2433 1159 dicens

1959 1175 2048 1213 dme
2069 1187 2160 1213 ecce
2180 1187 2274 1214 mna
2291 1182 2358 1213 tua

1958 1241 2076 1279 quam
2096 1229 2213 1267 habui
2234 1229 2362 1279 reposi

1957 1290 1996 1321 ta
2015 1284 2055 1320 in
2075 1283 2228 1322 sudario
2258 1284 2285 1304 2¹
2294 1284 2385 1334 quia

1959 1338 2067 1376 timui
2088 1343 2126 1376 te
2178 1338 2269 1388 quia
2289 1338 2340 1377 ho

1959 1404 2025 1430 mo
2045 1393 2206 1431 austeris
2226 1405 2267 1430 es
2286 1393 2341 1431 tol

1958 1446 2040 1484 lens
2061 1447 2167 1497 quod
2187 1459 2269 1485 non
2288 1447 2419 1497 posuis

1958 1501 1986 1539 ti
2035 1508 2072 1539 et
2091 1508 2212 1539 metes
2232 1502 2340 1552 quod

1958 1567 2039 1593 non
2060 1556 2258 1594 seminasti

1957 1609 1987 1632 2²
1995 1610 2110 1649 Tunc
2130 1610 2223 1648 dixit
2242 1610 2290 1649 de
2306 1623 2372 1650 ore
2393 1616 2461 1650 tuo

1959 1743 2018 1780 Te
2038 1741 2168 1780 iudico
2188 1754 2237 1780 ·o·
2256 1742 2323 1780 infi

1958 1796 2053 1835 delis
2072 1808 2181 1834 serue
2202 1797 2351 1834 sciebas

1958 1851 2064 1901 quod
2084 1850 2203 1889 homo
2223 1859 2392 1890 austeres

2002 1914 2036 1935 m

1957 1955 2046 1986 sunt
2085 1948 2178 1987 tollo
2198 1948 2303 1999 quod
2322 1954 2405 1988 no-

1957 2003 2071 2053 posui
2128 2010 2166 2041 et
2186 2012 2291 2041 meto
2311 2003 2419 2053 quod

1956 2069 2039 2095 non
2059 2058 2249 2096 seminaui
2295 2058 2368 2096 2³et

1957 2124 2077 2162 quare
2096 2124 2178 2150 non
2198 2112 2336 2151 dedisti
2355 2125 2405 2163 pe

1956 2166 2115 2204 cuniam
2134 2178 2264 2204 meam
2283 2167 2334 2205 ad

1956 2232 2134 2259 mensam
2154 2227 2191 2258 et
2209 2233 2283 2270 ego
2302 2221 2393 2259 ueni

1956 2287 2026 2313 ens
2047 2288 2138 2314 cum
2157 2276 2282 2313 usuris
2300 2276 2358 2313 uti

1956 2341 2032 2379 que
2052 2329 2257 2379 exigissem
2277 2330 2380 2367 illam

1954 2382 2042 2421 2‘Et
2062 2384 2305 2422 adstantibus
2325 2383 2419 2422 dixit

1955 2439 2100 2476 auferte
2121 2439 2170 2475 ab
2190 2437 2254 2476 illo
2274 2450 2367 2475 mna

1956 2499 1992 2531 et
2012 2492 2101 2530 date
2122 2492 2172 2529 illi
2193 2492 2260 2541 qui
2280 2491 2397 2531 habet

1955 2546 2094 2585 decem
2111 2558 2224 2584 mnas

1954 2601 2090 2639 ²⁶Dico
2110 2607 2238 2638 autem
2258 2600 2370 2639 uobis
2389 2613 2455 2640 om

1954 2655 1993 2691 ni
2014 2654 2168 2692 habenti
2189 2654 2341 2692 dabitur

1953 2707 2030 2746 hab
2051 2721 2099 2746 eo
2119 2715 2247 2746 autem
2268 2709 2334 2759 qui
2354 2715 2437 2748 no*

1953 2761 2069 2800 habet
2089 2769 2126 2800 et
2147 2762 2252 2813 quod
2271 2763 2388 2802 habet

1953 2817 2146 2855 auferetur
2166 2817 2218 2854 illi
2277 2818 2306 2839 ²⁷
2318 2830 2366 2856 ue

1951 2883 2037 2909 rum
2057 2878 2189 2909 tamen
2210 2870 2297 2910 dico
2317 2884 2368 2910 uo

1952 2925 2022 2964 bis·
2043 2926 2220 2964 inimicos
2240 2938 2350 2965 meos
2371 2927 2396 2965 il

1951 2979 2010 3019 los
2030 2980 2097 3030 qui
2117 2980 2322 3019 noluerunt

1951 3047 2015 3074 me
2035 3047 2196 3085 regnare
2217 3047 2331 3085 super
