2820 3334
310 245 373 271 xx.
396 240 540 277 17—XXI.
562 226 612 281 8.]
670 227 1086 267 EUANGELIUM
1107 226 1219 266 SEC

310 319 395 349 1⁷01.
411 319 492 348 139.

310 363 417 400 Tum
437 367 494 400 est

365 416 531 465 lapidem
551 427 669 465 quem

364 470 667 520 reprobaberunt

365 524 612 563 aedificantes
633 524 695 562 hic

363 579 488 617 factus
509 585 566 616 est
585 579 624 615 in
645 591 691 616 ca

363 640 433 684 put
452 633 583 682 anguli
602 632 764 671 18omnis

308 689 375 738 qui
396 688 576 726 ceciderit
595 699 711 737 supra

307 743 414 781 illurn
434 742 603 791 lapidem
624 754 700 780 con

308 797 553 847 quassauitur
572 808 688 846 supra

307 863 426 901 quem
445 851 625 889 ceciderit
645 862 694 888 au

307 912 387 944 tem
407 905 630 944 conminuet
648 904 743 942 illu-

307 960 391 998 ¹⁹Et
412 961 625 1010 querebant
645 959 730 1009 prin

307 1015 403 1064 cipis
423 1014 668 1052 sacerdotum

306 1075 345 1107 et
365 1069 510 1106 scribae
529 1068 677 1106 mittere

306 1123 347 1160 in
366 1122 474 1160 illum
495 1134 632 1160 manus
652 1122 691 1171 ip

307 1189 350 1215 sa
369 1177 463 1214 hora
536 1183 574 1214 et
593 1177 712 1214 timue

306 1237 395 1269 runt
415 1230 603 1280 populum
625 1242 700 1280 cog

306 1292 499 1323 nouerunt
518 1286 622 1322 enim
642 1284 748 1334 quod

305 1339 356 1377 ad
376 1340 481 1389 ipsos
502 1339 596 1377 dixit
616 1339 730 1378 simili

304 1394 478 1432 tudinem
498 1394 611 1431 istam

304 1458 398 1485 LXUI
407 1447 436 1469 2⁰
442 1448 585 1486 Etcum
599 1449 807 1486 recessisse-

305 1503 578 1541 summiserunt
598 1504 665 1552 qui

306 1569 347 1594 se
367 1557 488 1595 iustos
509 1569 591 1595 esse
613 1558 711 1594 simu

305 1611 427 1649 larent
483 1619 523 1649 ut
543 1611 741 1661 adprehe-

304 1698 451 1737 Derent
471 1711 668 1737 sermones

304 1754 387 1791 eius

304 1807 356 1845 Et
375 1807 569 1846 traderent
589 1807 696 1845 illum

305 1863 484 1911 potestati
503 1868 540 1899 et
559 1862 685 1911 magis

303 1916 417 1954 tratui
436 1917 597 1966 presidis

303 1969 389 2009 2¹Et
409 1971 728 2020 interrogaueru-

303 2024 410 2062 illum
430 2025 600 2063 dicentes
620 2038 685 2063 ma

303 2079 419 2128 gister
439 2080 579 2117 scimus
600 2079 707 2129 quod

303 2141 404 2172 recte
425 2134 521 2172 dicis
542 2140 579 2171 et
599 2146 681 2172 non

303 2188 449 2237 adcipis
468 2201 678 2238 personam

304 2242 372 2280 sed
392 2244 431 2279 in
450 2243 608 2281 ueritate
628 2244 723 2281 uia*

302 2296 344 2334 di
364 2296 508 2335 docens
528 2296 650 2335 22lieet
669 2309 722 2336 no

303 2351 363 2388 bis
381 2351 471 2389 dare
490 2352 673 2389 tributum

302 2406 450 2442 caesari
469 2413 534 2444 aut
553 2418 635 2444 non

301 2458 330 2480 ²³
340 2458 602 2498 Considerans
620 2467 735 2498 aute-

303 2512 362 2549 ihs
382 2513 515 2550 dolum
534 2514 686 2551 illorum

303 2566 398 2604 dixit
422 2567 476 2604 eis
496 2568 589 2616 quid
610 2580 673 2606 me
695 2574 804 2618 temp

302 2621 391 2658 tatis
410 2620 636 2659 2‘¹ostendite
655 2622 709 2659 mi

301 2674 340 2712 hi
360 2674 550 2712 dinarium
570 2676 679 2713 cuius

302 2730 391 2767 abet
410 2730 619 2779 imaginem
638 2736 676 2768 et

303 2784 551 2822 scribtionem

304 2838 604 2888 Respondentes
624 2838 713 2876 dixe

303 2899 391 2931 runt
410 2893 574 2931 caesaris

301 2945 387 2984 25Εῑ
406 2948 457 2985 ait
476 2948 547 2985 illis
569 2947 629 2986 ihs
652 2946 801 2986 reddite

849 358 962 406 Quae
981 359 1147 397 caesaris
1166 364 1245 398 su-

847 414 991 452 caesari
1012 420 1048 451 et
1068 426 1167 464 quae
1186 413 1228 452 di

847 475 935 506 sunt
954 468 1007 506 do

845 522 931 560 ²⁶Et
950 535 1031 560 non
1052 528 1259 571 potuerunt
1279 534 1347 560 uer

845 578 941 615 bum
960 577 1043 615 eius
1062 577 1254 626 reprehe-

845 632 935 670 dere
955 643 1089 669 coram
1109 632 1256 681 plebe-

845 693 883 724 et
903 686 1028 723 mirati
1048 686 1087 723 in
1106 697 1248 735 respon

845 753 889 779 so
909 740 990 778 eius
1010 746 1213 778 tacuerunt

842 804 955 832 LXUH
964 795 992 816 ²⁷
1012 794 1258 832 Accesserant
1276 807 1327 832 au

843 856 922 887 tem
942 848 1101 899 quidam
1121 849 1244 886 saddu

843 915 1000 941 ceorum
1021 904 1086 954 qui
1106 911 1239 953 nega*

843 970 927 996 esse
947 958 1175 996 resurrectio

843 1024 934 1050 nem
953 1019 991 1050 et
1010 1013 1203 1061 interroga

842 1074 979 1104 uerunt
997 1067 1104 1104 illum
1124 1067 1274 1105 ²⁸dice'‘

841 1128 899 1159 tes
955 1122 1136 1171 magister

842 1187 996 1225 moyses
1016 1176 1166 1214 scribsit
1186 1187 1239 1213 no

842 1230 901 1268 bis
922 1230 953 1267 si
972 1230 1085 1268 frater
1105 1230 1201 1267 alicu

842 1285 901 1322 ius
920 1291 1095 1322 mortuus
1115 1284 1177 1322 fue

841 1339 889 1376 rit
907 1339 1055 1377 habens
1075 1345 1224 1376 uxore-

841 1400 878 1431 et
898 1393 959 1431 hic
980 1394 1063 1431 sine
1083 1393 1182 1431 filius
1202 1392 1264 1431 fue

841 1448 887 1485 rit
924 1453 967 1485 ut
987 1447 1155 1497 adcipiat
1175 1459 1261 1485 eam

842 1502 954 1540 frater
973 1502 1055 1540 eius
1074 1514 1238 1541 uxorem

840 1563 879 1595 et
898 1557 1051 1595 suscitet
1071 1569 1205 1594 semen

841 1611 946 1649 fratri
966 1623 1038 1649 suo

841 1697 870 1719 ²⁹
880 1697 1036 1748 Septem
1057 1703 1186 1736 autem
1210 1697 1342 1736 fratres

841 1760 951 1790 erant
969 1759 1063 1802 aput
1082 1765 1155 1791 nos
1208 1759 1246 1790 et
1266 1753 1323 1802 pri

841 1818 927 1845 mus
947 1806 1099 1856 adcepit
1119 1812 1269 1844 uxore*

840 1867 877 1898 et
897 1868 1071 1899 mortuus
1090 1868 1146 1898 est
1167 1861 1250 1899 sine

840 1915 920 1954 filio
939 1914 1011 1953 31et
1031 1916 1163 1953 tertius
1184 1915 1281 1954 adce

839 1971 894 2019 pit
914 1970 1017 2007 illam
1038 1970 1209 2008 similiter

839 2030 876 2062 et
896 2025 1023 2062 omnis
1044 2031 1193 2074 septem

838 2091 920 2116 non
940 2079 1202 2129 relinquerunt

839 2133 937 2171 filios

837 2187 1098 2225 32Nouissime
1118 2193 1249 2225 autem

839 2250 992 2280 mortua
1012 2249 1069 2280 est
1089 2249 1126 2280 et
1146 2242 1240 2280 muli

838 2309 878 2335 er
897 2297 971 2334 ³³in
990 2297 1220 2335 resurrectio

837 2363 887 2389 ne
908 2352 1015 2389 cuius
1036 2352 1106 2389 erit
1126 2363 1225 2389 uxor

838 2405 886 2443 de
907 2412 1054 2455 septem
1074 2417 1235 2443 uxorem

838 2460 940 2497 enim
960 2460 1176 2498 habuerunt
1195 2459 1221 2497 il

836 2513 915 2551 lam

837 2567 866 2587 ³4
873 2567 924 2605 Et
937 2568 988 2606 ait
999 2568 1072 2606 illis
1084 2568 1143 2606 ihs
1150 2568 1215 2605 filii
1228 2567 1338 2606 huius

838 2622 981 2659 saeculi
1000 2635 1171 2672 generari

838 2682 899 2712 tur
919 2683 955 2713 et
974 2683 1161 2725 generant
1198 2676 1282 2714 3⁵'ad

838 2729 876 2766 hi
897 2730 963 2779 qui
983 2730 1087 2779 digni
1108 2731 1233 2767 haben

838 2790 898 2820 tur
918 2785 1034 2821 seculi
1053 2784 1152 2821 illius
1172 2791 1209 2821 et
1228 2797 1267 2821 re

838 2838 1085 2876 surrectionis
1105 2851 1152 2875 ex
1173 2850 1258 2875 mor

837 2892 911 2930 tuis
931 2904 1057 2942 neque
1077 2893 1228 2930 nubunt

836 2958 963 2996 neque
982 2947 1180 2984 nubuntur

1781 227 1934 267 LUCA
1944 228 2086 268 NUM

1417 316 1499 345 Pol.
1516 317 1598 346 140.

1418 358 1557 408 Neque
1578 358 1724 396 ducunt

1416 425 1558 451 uxores
1595 413 1755 463 ³⁶neque
1775 412 1866 450 eni*

1415 468 1625 505 morientur
1644 480 1736 505 nam
1756 473 1833 505 su-

1415 522 1548 559 similis
1568 522 1715 570 angelis
1735 522 1776 559 di
1796 521 1887 573 quia

1414 576 1701 614 resurrectionis
1721 576 1786 613 filii

1414 636 1503 669 sunt
1593 631 1815 681 ³⁷quoniam

1413 697 1507 723 uero
1526 692 1729 735 resurgunt
1748 697 1835 724 mor

1413 740 1467 777 tui
1487 752 1644 789 moyses
1662 746 1774 778 osten

1415 794 1467 831 dit
1487 795 1582 832 sicut
1603 794 1697 831 dixit
1717 794 1797 832 uidi
1816 794 1855 831 in

1413 850 1511 886 rubo
1533 849 1626 886 dom
1647 849 1714 886 dm
1735 849 1828 887 abra

1412 903 1503 941 ham
1560 910 1597 941 et
1616 902 1685 940 dm
1706 904 1783 941 isac

1413 964 1451 995 et
1470 957 1538 995 dm
1558 958 1671 996 iacob
1708 957 1790 995 :3st
1810 970 1852 996 er

1413 1025 1464 1061 go
1485 1019 1723 1050 mortuorum
1743 1017 1796 1050 no

1413 1073 1470 1104 est
1491 1067 1559 1104 sed
1578 1067 1758 1105 uiuorum
1779 1078 1844 1104 om

1413 1133 1483 1158 nes
1503 1122 1606 1159 enim
1625 1122 1759 1159 uiuent
1779 1122 1814 1159 ei

1412 1175 1709 1224 ”Responde-ns
1729 1183 1859 1213 autem

1413 1230 1571 1279 quidam
1593 1231 1805 1268 scribarum

1413 1284 1591 1322 dixerunt
1611 1284 1794 1333 magister

1413 1339 1512 1376 bene
1534 1338 1661 1376 dixisti
1699 1338 1772 1377 ‘¹⁰et
1793 1350 1856 1376 am

1413 1393 1511 1442 plius
1532 1405 1613 1431 non
1634 1400 1720 1431 sunt
1741 1394 1824 1431 ausi

1412 1460 1503 1485 eum
1523 1448 1729 1498 quicquam
1751 1448 1790 1485 in

1412 1508 1607 1551 terrogare

1412 1555 1555 1594 ‘¹¹Dixit
1574 1563 1704 1595 autern
1725 1557 1776 1595 ad
1795 1557 1881 1595 illos

1412 1611 1470 1649 ihs
1507 1612 1709 1661 quomodo
1729 1612 1846 1650 dicu-

1411 1698 1519 1747 Xpm
1539 1698 1659 1735 filium
1681 1699 1798 1736 dauid

1411 1765 1495 1790 esse
1569 1751 1640 1790 ‘¹²et
1660 1754 1742 1802 ipse
1762 1754 1811 1791 da

1411 1807 1477 1844 uid
1498 1807 1592 1845 dixit
1611 1808 1650 1844 in
1670 1808 1768 1846 libro

1411 1861 1651 1911 psalmorum

1465 1916 1554 1953 dicit
1574 1917 1659 1954 dms
1679 1916 1772 1954 dffio

1466 1982 1555 2008 meo
1576 1970 1668 2008 sede
1689 1983 1710 2008 a
1731 1970 1804 2008 dex

1465 2025 1531 2062 tris
1551 2025 1645 2062 meis
1665 2025 1827 2063 43d0nec

1466 2091 1613 2128 ponam
1633 2080 1810 2118 inimicos

1465 2139 1552 2171 tuos
1573 2135 1644 2171 sub
1663 2134 1752 2183 pedi

1464 2189 1538 2225 bus
1557 2188 1632 2225 tuis

1409 2242 1437 2263 ‘¹4
1447 2242 1486 2280 Si
1507 2242 1625 2280 dauid
1645 2242 1685 2279 in
1706 2245 1779 2291 spu
1799 2242 1892 2281 dom

1408 2297 1515 2334 illum
1536 2303 1652 2335 uocat
1672 2309 1750 2347 quo

1408 2352 1530 2389 modo
1549 2351 1650 2389 filius
1670 2352 1753 2389 eius
1773 2358 1831 2389 est

1406 2406 1575 2442 LXUHI⁴⁵
1594 2405 1778 2443 Audz'ente
1795 2410 1909 2444 aute-

1407 2461 1516 2498 omni
1534 2460 1679 2510 populo
1700 2461 1795 2498 dixit

1407 2514 1465 2552 ihs
1484 2515 1534 2552 ad
1555 2515 1764 2564 discipulos
1784 2527 1829 2552 su

1409 2581 1454 2606 os
1491 2569 1720 2606 ⁴⁶adtendite
1740 2569 1853 2607 uobis

1407 2624 1458 2660 ab
1477 2624 1611 2661 scribis
1631 2623 1696 2673 qui
1716 2623 1839 2661 uolu-

1407 2678 1604 2714 ambulare
1625 2678 1663 2713 in
1684 2677 1790 2714 stolis

1405 2738 1443 2768 et
1462 2737 1594 2767 amant
1614 2731 1788 2767 salutatio

1406 2785 1464 2821 nis
1484 2785 1523 2821 in
1543 2784 1626 2821 soro
1646 2791 1683 2821 et
1703 2785 1847 2833 primas

1405 2838 1607 2876 cathedras
1625 2838 1665 2874 in
1685 2838 1769 2876 foro

1405 2899 1443 2930 et
1462 2893 1608 2942 primos
1633 2892 1783 2930 discubi

1405 2952 1467 2985 tos
1487 2947 1526 2984 in
1547 2947 1696 2985 conuiis
1735 2947 1834 2996 ¹¹⁷qui

1953 358 2161 408 Fingentes
2181 359 2329 410 longa-

1951 414 2168 451 orationem
2188 421 2226 452 et
2248 416 2296 452 de

1949 475 2088 506 uorant
2107 480 2228 518 panes
2247 468 2364 507 uidua

1950 535 2036 560 rum
2057 522 2096 560 hi
2117 524 2304 573 accipient

1950 577 2242 616 damnationem
2262 590 2327 616 ma

1947 631 2069 669 iorem

1947 685 2004 723 21¹
2026 685 2253 736 Respiciens
2273 694 2403 725 autem

1947 740 2006 778 ihs
2026 740 2122 778 uidit
2140 753 2209 778 eos
2230 742 2295 790 qui
2315 742 2386 780 mit

1948 796 2082 832 tebant
2102 807 2262 833 munera
2283 808 2352 834 sua

1947 849 1986 886 in
2007 849 2314 899 zaiophylacium

1948 903 2087 941 diuites

1949 957 2020 996 2Et
2039 957 2143 996 uidet
2163 958 2362 1008 quandam

1948 1012 2107 1050 uiduam
2127 1025 2323 1062 paupercu

1948 1067 2026 1105 lam
2046 1068 2261 1105 mittentem
2282 1080 2328 1105 ae

1949 1134 1991 1158 ra
2011 1121 2199 1159 minutam
2220 1122 2297 1159 duo

1947 1175 2019 1213 3Et
2038 1176 2132 1214 dixit
2151 1188 2241 1213 uere
2262 1175 2351 1213 dico
2370 1188 2421 1214 uo

1949 1231 2007 1268 bis
2028 1230 2146 1268 uidua
2165 1230 2261 1268 haec
2281 1242 2358 1280 pau

1949 1284 2107 1334 percula
2127 1284 2213 1334 plus
2233 1296 2352 1333 quam

1948 1351 2086 1377 omnes
2106 1339 2209 1377 misit
2251 1339 2363 1376 “nam

1948 1405 2086 1431 omnes
2106 1406 2153 1431 ex
2174 1393 2364 1431 abunda*

1948 1448 1976 1486 ti
1995 1449 2183 1486 miserunt
2203 1448 2242 1484 in
2262 1460 2330 1486 mu

1947 1514 2042 1540 nera
2061 1501 2100 1539 di
2120 1502 2217 1540 haec
2237 1507 2354 1540 aute-

1947 1569 1995 1595 ex
2016 1569 2064 1595 eo
2085 1556 2191 1606 quod
2212 1557 2318 1595 deest
2337 1556 2362 1594 il

1946 1611 1971 1649 li
1990 1624 2151 1650 omnem
2169 1612 2317 1649 uictum

1949 1698 2070 1736 Suum
2091 1710 2209 1749 quem
2229 1698 2333 1736 habu

1946 1754 1974 1792 it
1993 1754 2096 1791 misit
2325 1750 2449 1806 [dice-

1945 1808 2119 1845 LXUHII⁵
2137 1806 2195 1845 Et
2210 1808 2429 1857 quibusdam

1945 1863 2048 1899 tibus
2068 1862 2116 1900 de
2134 1862 2279 1911 templo
2300 1863 2407 1912 quod

1946 1916 2137 1966 lapidibus
2157 1917 2269 1954 bonis
2289 1925 2327 1955 et

1946 1971 2060 2009 donis
2080 1978 2261 2008 ornatum
2283 1978 2342 2009 est

1946 2026 2042 2063 dixit
2062 2025 2176 2063 ⁶haec
2196 2025 2335 2063 uidetis

1945 2080 2104 2118 uenient
2124 2080 2206 2117 dies
2226 2080 2266 2116 in
2286 2080 2353 2130 qui

1945 2135 2018 2172 bus
2038 2146 2119 2172 non
2139 2134 2311 2184 relinque

1944 2195 2006 2226 tur
2025 2189 2124 2238 lapis
2145 2201 2262 2238 supra
2281 2188 2358 2238 lapi

1945 2243 2036 2281 dem
2056 2243 2118 2281 hic
2138 2244 2176 2281 in
2198 2243 2367 2293 pariete*u

1945 2299 2010 2347 qui
2031 2310 2110 2336 non
2132 2298 2346 2335 destruatur

1944 2352 2303 2401 ⁷Interrogauerunt

1943 2413 2072 2444 autem
2091 2407 2198 2443 illum
2219 2406 2336 2443 dice*

1942 2467 2000 2499 tes
2020 2467 2223 2510 preceptor
2242 2464 2348 2510 qua*

1943 2516 1994 2552 do
2015 2515 2110 2552 haec
2130 2521 2241 2552 erunt
2261 2520 2298 2551 et
2318 2513 2425 2565 quod

1940 2570 2097 2618 signum
2117 2580 2206 2606 cum
2225 2568 2308 2606 futu

1938 2636 1980 2660 ra
1999 2628 2110 2660 erunt

1938 2677 2040 2723 ⁸Qui
2060 2682 2191 2714 autem
2210 2676 2306 2713 dixit
2325 2676 2416 2714 uide

1938 2738 1975 2768 te
1997 2743 2046 2768 ne
2066 2730 2306 2768 seducamini

1938 2785 2047 2822 multi
2068 2785 2172 2822 enim
2192 2785 2339 2823 uenie*

1938 2840 1977 2876 in
1998 2839 2155 2877 nomine
2175 2851 2264 2877 meo
2286 2840 2324 2878 di

1937 2900 2070 2932 centes
2090 2894 2198 2944 quod
2217 2906 2291 2944 ego
2313 2902 2390 2932 su-

1936 2952 2010 2998 xps
2029 2954 2067 2987 et
2085 2955 2238 2998 tempus
2258 2947 2380 2999 adpro
