2820 3334
849 187 1200 229 PALJMPSES
1204 187 1245 225 T
1244 186 1314 226 US
1352 186 1428 227 FL
1436 188 1575 227 ORIA
1585 187 1799 228 CENSIS
2323 200 2394 226 101

1065 301 1116 320 UOS

629 329 735 380 quod
774 341 856 368 non
893 329 1069 368 differam
1116 339 1269 377 semper
1311 339 1562 366 commonere
1595 327 1648 386 ‘de
1688 325 1781 380 [illis
1819 332 1857 365 et
1895 326 1962 378 qui

1594 389 1604 406 ι

628 417 719 456 dem
750 417 912 456 scientes
949 422 988 455 et
1026 421 1296 455 corrouoratos
1330 415 1369 452 in
1399 421 1602 465 praesente
1634 412 1815 522 ueFitate
1849 414 1878 436 ¹³
1891 415 1949 453 ius

630 479 713 510 tum
742 478 873 510 autem
900 471 1063 510 arbitror
1089 470 1275 529 quamdiu
1305 481 1391 507 sum
1415 470 1456 507 in
1485 469 1560 509 hoc
1590 481 1683 519 corp
1706 481 1773 508 ore
1800 469 1927 508 excita

631 614 726 651 mihi
757 614 949 664 depositio
981 612 1154 663 corporis
1183 612 1260 649 mei
1294 611 1628 662 quemadmodum
1660 611 1684 650 d
1709 616 1754 649 iis
1783 617 1914 649 noster

632 669 704 707 ihs·
717 672 791 718 xps
806 667 1032 718 significauit
1046 667 1141 704 mihi
1155 666 1292 704 1⁵dabo
1307 673 1500 716 praeterea
1512 677 1674 715 operam
1702 677 1779 717 ‘uos
1791 665 1953 716 frequen

631 729 689 761 ter
707 724 821 761 abere
846 735 918 773 pos
943 727 1109 760 mortem
1138 732 1268 759 meam
1295 721 1349 759 sic
1374 727 1415 758 ut
1441 720 1595 758 illorum
1620 732 1682 758 me
1705 720 1869 758 moriam

959 783 976 801 e

630 810 775 850 faciatis
808 810 836 832 ¹⁰
848 821 929 848 non
960 809 1067 857 anim
1101 807 1386 847 commentitias
1419 807 1569 846 fabulas
1597 819 1683 846 esec
1707 807 1761 845 uti
1791 807 1907 858 cogni

579 881 621 904 20
632 872 713 903 tam
732 865 893 903 fecimus
918 864 1032 902 uobis
1056 863 1122 902 dni
1145 863 1267 901 nostri
1293 863 1360 900 ihu
1382 863 1450 912 xpi
1478 862 1660 900 uirtutem
1709 869 1746 899 et
1774 873 1938 911 praesen

629 919 736 957 tiam·
771 919 840 958 sed
873 918 1133 968 speculatores
1165 917 1255 955 facti
1289 917 1409 967 ipsius
1439 917 1685 967 magnitudin
1708 917 1739 954 is
1766 917 1795 938 ¹⁷
1807 916 2000 966 accipiens

629 986 653 1012 a
671 973 725 1012 do
749 979 856 1023 patre
882 973 1073 1011 honorem
1100 978 1136 1010 et
1162 972 1328 1022 gloriam
1353 983 1452 1010 uoce
1478 971 1603 1010 delata
1627 971 1664 1009 ei
1710 970 1823 1009 huius
1843 971 1951 1010 modi

630 1028 679 1066 de
717 1028 926 1078 magnifica
962 1027 1163 1065 maiestate
1210 1026 1272 1065 hic
1320 1032 1379 1065 est
1426 1025 1524 1065 filius
1560 1023 1693 1078 me[us
1736 1025 1897 1064 dilectus
1945 1025 1985 1063 in

632 572 673 597 re
695 572 767 598 uos
794 559 834 597 in
859 532 1216 598 commemoratbne
1235 557 1263 577 ³⁴
1276 563 1402 595 certus
1426 556 1532 608 quod
1551 557 1661 595 uelos
1686 554 1835 772 {futura
1854 562 1913 595 est

342 1123 391 1145 12.
414 1113 584 1190 dlizfferamz
609 1114 741 1146 addidit
755 1124 816 1147 uos
831 1114 881 1147 h&
905 1115 907 1117 ’
988 1123 1040 1155 13.
1065 1117 1255 1156 praesente:
1282 1112 1425 1145 correxit
1440 1112 1489 1146 [θ’.
1593 1120 1642 1154 15·
1668 1115 1995 1146 commemoratonez
2018 1116 2176 1155 superscr.
2196 1112 2266 1145 ilc*
2283 1114 2340 1146 uel
2351 1113 2401 1146 W.

254 1167 303 1200 19.
326 1158 415 1190 enim
455 1160 480 1191 ².

1056 1274 1244 1301 EPISTOLA
1288 1273 1404 1300 PETRI
1447 1273 1623 1301 SECUNDA
2010 1261 2122 1301 Folio
2146 1274 2220 1313 123
2240 1275 2348 1302 uerso

1077 1348 1118 1399 (2
1143 1349 1195 1388 St.
1217 1349 1330 1388 Peter
1348 1349 1372 1388 i.
1399 1349 1512 1398 17-ii.
1539 1347 1579 1401 7)

635 1437 728 1485 Quo
748 1434 867 1490 bene]
889 1437 1003 1475 sensi·
1022 1436 1050 1458 ¹⁵⁵
1062 1443 1100 1475 et
1117 1437 1217 1476 hanc
1236 1449 1377 1476 uocem
1395 1449 1470 1475 nos
1489 1437 1708 1476 audibimus
1728 1437 1776 1475 de
1797 1437 1905 1476 caelo
1924 1450 1965 1476 re

631 1493 751 1530 latam
776 1504 797 1530 c
821 1504 889 1529 um
917 1503 1090 1530 essemus
1116 1504 1204 1530 cum
1230 1492 1316 1542 ipso
1343 1492 1382 1529 in
1412 1487 1474 1531 5δὲ
1503 1498 1636 1530 monte
1665 1490 1694 1513 ²⁹
1708 1498 1746 1530 et
1773 1491 1965 1530 habemus

633 1546 801 1585 firmiore
824 1558 864 1583 m
901 1546 1170 1596 propheticum
1218 1558 1438 1585 sermonem
1475 1546 1538 1585 cui
1579 1547 1678 1584 bene
1716 1546 1839 1585 facitis
1886 1546 1967 1595 inin

632 1600 814 1639 tendente
837 1612 855 1637 s
906 1599 1239 1651 quemadmodum
1292 1601 1474 1639 lucernae
1520 1601 1663 1639 lucenti
1712 1601 1752 1638 in
1801 1601 1966 1639 obscuro

634 1655 723 1694 loco
763 1655 864 1693 done
889 1667 909 1692 c
947 1654 1029 1692 dies
1066 1654 1248 1693 lucescat·
1286 1661 1324 1692 et
1361 1655 1494 1693 lucifer
1531 1655 1675 1694 oriatur
1712 1655 1753 1693 in
1783 1655 1965 1694 cordibus

635 1709 772 1748 uestris
809 1708 879 1746 2⁰h
902 1720 950 1747 oc
988 1709 1154 1759 primum
1201 1709 1466 1760 intellegentes
1504 1710 1611 1761 quod
1648 1710 1777 1748 omnis
1814 1710 1966 1760 prophe

1766 1772 1782 1789 e

630 1797 705 1835 tiae
749 1792 957 1848 scrip]tura
1004 1796 1341 1846 interpraetatione
1387 1795 1547 1847 indiget·
1593 1795 1620 1819 ²¹
1633 1810 1715 1836 non
1761 1798 1868 1846 anim
1914 1810 1966 1837 uo

633 1851 779 1889 luntate
837 1850 1008 1888 humana
1046 1851 1160 1889 allata
1206 1857 1263 1889 est
1301 1862 1491 1900 umquam
1529 1852 1742 1901 prophetia·
1791 1851 1851 1891 sto
1889 1854 1965 1904 spu

635 1905 781 1955 inspira
804 1905 830 1942 ti
862 1905 981 1942 locuti
1014 1912 1115 1943 sunt·
1146 1903 1193 1943 sii
1225 1905 1405 1943 homines
1439 1904 1480 1942 di
1512 1903 1547 1935 fi·
1583 1904 1761 1944 ¹fuerunt
1794 1919 1887 1945 uero
1925 1913 1963 1944 et

584 1975 626 1998 10
637 1955 1018 2011 pseudopr]ophetae
1037 1960 1078 1997 in
1099 1959 1244 2011 populo
1263 1960 1304 2009 in
1324 1959 1471 2009 populo
1493 1959 1590 1998 sicut
1605 1966 1641 1998 et
1661 1961 1701 1998 in
1720 1962 1833 1999 uobis
1853 1967 1966 1999 erunt

631 2011 823 2066 magistri]
881 2013 1091 2052 mendaces
1156 2015 1223 2065 qui
1280 2010 1540 2054 subiriducent
1605 2021 1730 2053 sectas
1795 2015 1962 2066 perditio

635 2069 695 2106 nis
734 2074 771 2106 et
802 2065 913 2121 eu]m
947 2069 1013 2118 qui
1046 2068 1154 2119 ipsos
1184 2081 1252 2107 eos
1281 2069 1457 2108 dominat
1485 2080 1553 2107 ore
1582 2071 1818 2120 abnegantes
1848 2082 1965 2119 super

636 2122 841 2177 inducent]
890 2120 1138 2177 sibimetipsis
1194 2125 1438 2164 celerrimum
1490 2125 1685 2164 interitum
1741 2124 1809 2165 ²et
1856 2126 1968 2165 multi

1721 2188 1737 2206 e

635 2218 800 2263 sequent
822 2224 867 2250 ur
921 2212 1099 2252 libidines
1155 2213 1328 2263 ipsorum
1374 2226 1444 2263 per
1498 2225 1599 2264 quos
1654 2214 1737 2264 uias
1793 2214 1962 2253 ueritatis

634 2266 796 2317 blasphe
819 2268 1028 2306 mabuntur
1093 2268 1158 2306 ³et
1222 2268 1496 2306 mercabuntur
1559 2281 1633 2307 uos
1701 2269 1742 2307 in
1807 2269 1966 2308 auaritia

635 2322 732 2360 fictis
761 2333 831 2359 uer
853 2322 912 2360 bis
941 2322 1083 2372 quibus
1116 2322 1301 2361 iudicium
1332 2322 1427 2360 olim
1460 2335 1542 2361 non
1574 2330 1699 2362 cessat
1729 2330 1768 2362 et
1798 2324 1963 2373 perditio

634 2388 771 2415 eorum
799 2388 826 2413 n
848 2388 900 2414 on
928 2377 1110 2416 dormitat
1137 2377 1195 2415 *si
1223 2377 1340 2415 enim·
1370 2376 1430 2416 ds·
1460 2377 1607 2427 angelis
1633 2379 1850 2429 peccantib·
1882 2390 1963 2416 non

1317 2438 1379 2457 mos

635 2463 810 2514 pepercit
866 2461 954 2516 s]ed
1008 2465 1193 2503 carcerib·
1255 2439 1388 2512 calinis
1445 2464 1556 2503 inferi
1610 2465 1810 2504 retrudens
1865 2465 1964 2504 tradi

637 2518 692 2556 dit
720 2517 760 2554 in
788 2515 948 2570 iudi]cio
976 2518 1195 2568 puniendos
1224 2520 1381 2558 seruari·
1406 2519 1420 2540 ⁵
1436 2526 1474 2558 et
1502 2519 1677 2569 originali
1705 2520 1853 2558 mundo
1881 2527 1967 2558 no-

587 2587 628 2610 20
642 2571 814 2621 pepercit
860 2584 878 2610 s
900 2572 948 2610 ed
996 2573 1179 2611 octabum
1225 2586 1301 2612 noe
1352 2574 1515 2612 iustitiae
1565 2586 1799 2623 praeconem
1851 2580 1962 2612 custo

635 2625 732 2663 diuit
768 2625 976 2664 diluuium
1013 2638 1133 2676 supra
1169 2627 1299 2676 inpios
1332 2627 1531 2666 inducens·
1560 2627 1623 2665 ⁶et
1654 2628 1830 2666 ciuitates
1869 2627 1966 2666 sodo

637 2691 745 2717 mam
773 2686 810 2717 et
838 2692 930 2729 gom
952 2692 1083 2718 orram
1108 2681 1148 2719 in
1177 2681 1346 2719 cinerem
1372 2681 1475 2720 dedit
1500 2687 1538 2719 et
1564 2694 1631 2719 eas
1656 2682 1856 2720 euersione
1881 2682 1964 2720 da*

638 2733 746 2772 nauit
775 2733 929 2783 exempl
952 2746 1018 2772 um
1045 2746 1197 2784 ponens
1231 2735 1335 2785 inpie
1364 2735 1506 2773 acturis
1532 2733 1599 2773 ''et
1628 2735 1771 2773 iustum
1799 2735 1881 2773 loth
1910 2747 1963 2785 op

343 2826 368 2859 l.
386 2835 414 2859 2.
429 2825 483 2858 §ss
497 2835 504 2857 :
529 2825 672 2857 correxit
686 2823 730 2856 k*
745 2825 784 2856 in
800 2826 868 2858 ὲῑ).
1155 2835 1186 2866 3.
1208 2826 1277 2857 inin
1292 2838 1299 2859 :
1323 2827 1357 2858 in
1372 2836 1430 2859 sec.
1448 2825 1653 2867 improbauit
1666 2827 1716 2858 W.
2005 2834 2034 2869 7.
2051 2826 2141 2859 anim
2158 2837 2165 2859 :
2189 2829 2333 2861 correxit
2348 2828 2398 2861 lz⁵.

257 2880 288 2913 9.
311 2874 425 2902 uerunt
440 2881 448 2902 z
471 2869 582 2901 uoluit
597 2869 636 2900 lz‘*
651 2869 790 2909 fuerunt,
806 2869 865 2901 sed
877 2868 893 2899 f
905 2868 1011 2910 inepte
1026 2873 1126 2911 super
1139 2880 1156 2901 e
1165 2870 1292 2911 posuit.
1451 2878 1501 2900 10.
1526 2869 1559 2900 in
1575 2871 1701 2912 populo
1716 2881 1773 2902 sec.
1791 2870 1994 2912 improbauit
2008 2871 2058 2904 [ι’.
2214 2882 2262 2904 12.
2286 2873 2396 2914 ipsos:

256 2913 423 2956 expunxit
444 2913 495 2946 Ιι*.
676 2922 724 2954 14.
750 2912 841 2946 uias:
865 2913 1009 2945 correxit
1030 2912 1071 2943 la*
1095 2914 1153 2945 uel
1172 2913 1221 2946 ha.
1391 2915 1440 2945 18.
1467 2912 1605 2947 calinis:
1629 2914 1794 2946 dz'ortlzota
1816 2919 1976 2957 superscr.
1998 2916 2100 2958 ginos
2116 2916 2239 2949 litteris
2255 2917 2401 2949 minutis

257 2956 445 3000 quadratis,
459 2961 491 2990 et
504 2956 700 2999 improbauit
714 2967 746 2989 n.
939 2965 989 2989 21.
1013 2967 1130 2999 supra:
1156 2957 1193 2989 k¹²
1208 2959 1342 2990 mutauit
1358 2968 1393 2989 ra
1408 2959 1441 2989 in
1455 2967 1499 2989 er.
