2866 3346
274 252 327 279 xx.
351 246 487 278 26—xr1.
510 236 561 292 5.]
618 238 664 276 E
666 236 940 276 UANGELI
941 236 1036 275 [JM
1066 235 1177 274 SEC

275 328 359 359 Fol.
376 328 437 358 68.

276 371 362 409 Tur
381 372 420 408 in
439 378 615 408 eternum
635 381 698 407 cre

275 425 334 463 dis
354 425 429 463 hoc

274 477 304 501 ²⁷
316 479 381 517 Ait
400 479 451 516 illi
470 477 620 516 martha
643 477 775 528 utique

275 533 350 571 dfie
371 546 446 583 ego
466 533 619 571 crededi
641 532 731 583 quia

274 594 317 625 tu
338 599 379 625 es
398 591 472 637 xps
492 587 591 624 filius
606 586 645 624 di
666 586 744 624 uiui

276 642 341 692 qui
361 641 400 679 in
419 641 524 680 hunc
545 640 759 679 mandatu-

274 696 414 734 uenisti

275 750 305 772 ²⁸
319 750 369 788 Et
389 749 485 788 haec
505 761 592 788 cum
614 748 772 787 dixisset

276 805 369 843 abiit
425 811 462 842 et
482 804 638 842 uocauit
659 816 722 842 ma

275 859 373 897 riam
393 869 567 897 sororem
588 869 698 896 suam

276 913 427 951 silentio
448 913 581 950 dicens
603 924 668 950 ma

277 968 396 1017 gister
415 968 508 1005 ades
529 974 565 1004 et
580 972 695 1004 uocat

277 1028 314 1060 te
477 1020 506 1042 ²⁹
519 1027 556 1059 et
575 1020 638 1058 illa
658 1026 700 1058 ut

278 1075 423 1114 audiuit
443 1075 606 1113 surrexit
627 1075 662 1112 ci

278 1137 319 1169 to
340 1135 377 1167 et
396 1130 578 1167 ueniebat
599 1128 647 1166 ad
667 1129 762 1166 illu-

276 1184 306 1205 ⁵⁰
317 1183 493 1222 nondum
513 1183 617 1221 enim
639 1195 737 1220 uene

275 1246 333 1276 rat
357 1237 416 1275 ihs
435 1238 475 1275 in
495 1237 693 1275 castellum

278 1293 347 1331 sed
367 1299 447 1330 erat
466 1291 593 1330 adhuc
614 1292 652 1328 in
674 1291 698 1328 il

276 1347 314 1385 lo
335 1346 422 1385 loco
442 1346 508 1384 ubi
528 1345 693 1384 occurrit

274 1402 309 1439 ei
329 1400 479 1438 martha
518 1399 546 1422 ³²
557 1400 658 1438 iudei
678 1412 727 1438 au

275 1462 354 1494 tem
374 1455 439 1506 qui
459 1462 565 1493 erant
586 1467 675 1493 cum

276 1523 322 1549 ea
342 1511 381 1547 in
402 1510 521 1549 domo
540 1510 606 1560 qui
626 1521 714 1547 eam

277 1564 577 1602 consulabantur
616 1564 656 1601 ui

277 1619 412 1657 dentes
432 1619 593 1656 mariam
613 1618 705 1669 quia

279 1749 368 1787 Cito
388 1749 550 1787 surrexit
589 1755 627 1786 et

277 1804 370 1841 exiit
410 1804 529 1841 secuti
550 1810 639 1841 sunt
657 1808 732 1841 ea-

278 1858 451 1896 dicentes
471 1858 561 1908 quia
582 1870 631 1895 ua

277 1912 341 1950 det
360 1912 410 1949 ad
429 1917 715 1950 monumentu-

278 1973 320 2004 ut
340 1965 464 2016 ploret
484 1966 537 2003 ibi

277 2020 305 2041 ⁸²
318 2020 444 2058 Maria
464 2028 591 2058 autem
613 2027 653 2059 ut
673 2032 721 2057 ue

278 2075 334 2112 nit
354 2075 419 2113 ubi
439 2082 518 2113 erat
538 2075 598 2112 ihs
618 2082 654 2112 et
674 2075 713 2112 ui

280 2129 335 2167 dit
354 2141 442 2167 eum
463 2136 500 2167 et
521 2129 659 2168 cecidit

279 2183 330 2221 ad
349 2184 469 2232 pedes
489 2184 571 2221 eius
590 2190 626 2222 et
648 2182 742 2221 dixit

279 2238 314 2275 ei
333 2238 408 2276 dfie
429 2238 457 2275 si
477 2250 581 2276 esses
601 2238 662 2276 hic
681 2243 762 2275 no-

278 2299 379 2330 esset
399 2300 575 2331 mortuus
594 2292 651 2330 fra

279 2354 336 2383 ter
355 2358 464 2384 meus

279 2398 388 2438 ⁸⁸Ihs
407 2413 501 2450 ergo
521 2408 562 2438 ut
582 2401 677 2439 uidit
692 2413 779 2440 eam

281 2454 496 2504 plorantem
517 2462 555 2492 et
574 2455 686 2493 iudae

282 2520 327 2546 os
347 2508 482 2546 flentes
503 2509 568 2558 qui
587 2521 686 2548 uene

281 2568 368 2600 rant
387 2574 475 2600 cum
496 2575 542 2600 ea
562 2563 659 2601 infre

283 2616 380 2654 muit
400 2619 473 2665 spu
493 2622 531 2653 et
551 2617 718 2655 turbabit

285 2682 326 2708 se
347 2670 473 2720 ipsum
493 2670 521 2691 34
534 2677 572 2707 et
592 2670 688 2708 dixit
707 2671 774 2709 ubi

284 2724 445 2774 posuisti
463 2736 555 2762 eum

286 2778 431 2817 Dicunt
452 2779 486 2816 ei
508 2779 583 2817 dfie
604 2790 653 2818 ue

285 2833 326 2871 ni
345 2839 382 2871 et
401 2832 486 2870 uide
507 2833 536 2854 ³⁵
547 2840 585 2870 et
605 2833 696 2871 lacri

285 2894 413 2925 matus
432 2894 489 2925 est
509 2887 569 2925 ihs

286 2942 312 2961 ³⁶
324 2941 514 2980 Dixerunt
532 2954 627 2991 ergo
646 2941 682 2980 ei
702 2941 741 2980 iu

286 2994 372 3034 daei
392 3008 483 3035 eece
503 2996 703 3047 quomodo

810 368 980 406 Amabat
1000 380 1090 406 eum
1128 368 1156 389 ³⁷
1171 367 1237 417 qui

812 422 903 460 dam
925 431 1053 460 autem
1075 422 1238 460 dixeru-

812 490 859 515 ex
879 477 948 514 illis
969 489 1048 515 non
1069 483 1220 527 poterat

811 531 872 569 hic
892 533 956 581 qui
977 532 1125 581 aperuit
1145 543 1220 569 ocu

811 586 871 624 lus
891 586 996 624 caeci
1015 585 1138 624 facere

921 655 932 676 1

813 690 853 721 ut
876 683 972 722 haec
994 696 1074 722 non
1093 695 1203 722 more

813 745 918 776 retur

812 792 839 814 ⁸⁸
853 792 918 830 Ihs
939 804 1032 840 ergo
1051 792 1191 830 fremes
1211 792 1251 829 in

813 846 1022 896 semetipso
1043 847 1148 884 uenit

812 901 861 939 ad
881 908 1178 939 monumentum

811 962 892 993 erat
910 962 1039 993 autem
1061 956 1197 1005 spelu‘

812 1022 859 1048 ca
878 1016 915 1047 et
935 1010 1033 1059 lapis
1054 1022 1223 1060 superpo

812 1065 904 1102 situs
924 1064 976 1101 illi
995 1065 1023 1085 ³⁹
1039 1064 1129 1102 dicit
1149 1064 1207 1102 ihs
1227 1064 1280 1102 tol

811 1118 873 1155 lite
894 1118 1060 1168 lapidem

811 1171 914 1210 Dicit
933 1173 968 1210 ei
988 1172 1141 1210 martha
1160 1172 1236 1210 dfie

809 1227 886 1264 iam
909 1226 998 1265 fetet
1019 1226 1155 1277 quadri

810 1280 930 1318 duum
950 1281 1053 1319 enim
1074 1281 1190 1318 habet

811 1335 840 1356 ‘¹⁰
852 1334 956 1373 Dicit
976 1336 1010 1373 ei
1030 1335 1089 1373 ihs
1110 1347 1189 1373 non
1210 1335 1288 1372 dixi

810 1389 876 1427 tibi
898 1390 990 1439 quia
1010 1390 1039 1427 si
1060 1389 1215 1428 credide

809 1445 860 1482 ris
880 1444 1030 1482 uidebis
1052 1444 1183 1482 clarita

810 1505 890 1536 tem
908 1498 948 1536 di
969 1498 995 1519 ⁴¹
1012 1499 1177 1536 tulerunt

811 1566 904 1603 ergo
924 1553 1092 1603 lapidem

811 1607 877 1645 Ihs
898 1614 1026 1645 autem
1050 1607 1192 1645 leuauit

812 1662 951 1700 oculus
971 1673 1062 1700 suos
1087 1674 1150 1699 sur

815 1749 908 1787 Sum
929 1756 967 1787 et
986 1749 1080 1787 dixit
1119 1756 1228 1799 pater

813 1804 952 1854 gratias
972 1816 1048 1853 ago
1068 1805 1133 1841 tibi
1155 1804 1246 1854 quia

813 1858 951 1896 audisti
970 1871 1032 1896 me
1071 1859 1100 1880 ‘¹²
1113 1865 1150 1896 et
1166 1870 1240 1908 ego

813 1913 983 1951 sciebam
1004 1913 1094 1962 quia
1114 1925 1183 1951 sen

813 1980 881 2017 per
901 1979 962 2004 me
983 1967 1093 2005 audis
1114 1967 1182 2005 sed
1202 1978 1302 2017 prop

813 2030 870 2059 ter
890 2022 1041 2059 turbam
1061 2022 1192 2060 circu—

814 2082 978 2113 stantem
1002 2076 1080 2114 dixi
1101 2083 1143 2113 ut
1162 2088 1226 2114 cre

813 2130 907 2168 dant
926 2131 1018 2180 quia
1037 2137 1078 2168 tu
1098 2143 1161 2168 me
1181 2130 1235 2168 mi

814 2185 895 2222 sisti

815 2239 843 2260 4³
855 2238 905 2277 Et
926 2251 1015 2277 cum
1036 2238 1132 2277 haec
1154 2238 1314 2277 dixisset

815 2293 995 2331 clamauit
1014 2305 1110 2331 uoce
1129 2305 1222 2343 mag

814 2360 865 2385 na
886 2347 1009 2386 lazare
1030 2348 1119 2386 ueni
1138 2347 1178 2386 fo

813 2414 876 2439 ras

814 2457 843 2476 44
859 2456 910 2494 Et
929 2456 1018 2494 exiit
1038 2456 1098 2493 ille
1118 2464 1291 2494 mortuus

815 2510 955 2561 ligatus
975 2511 1109 2560 pedest
1129 2524 1149 2548 e
1169 2523 1234 2549 ma

816 2577 888 2602 nus
908 2565 1045 2603 institis
1064 2572 1101 2603 et
1121 2565 1238 2603 facies

821 2619 903 2656 eius
923 2620 1050 2658 orario
1071 2619 1225 2669 conliga

818 2679 857 2710 ta
875 2680 956 2710 erat

819 2725 923 2764 Dicit
943 2727 1015 2764 illis
1037 2727 1095 2764 ihs
1115 2734 1152 2765 et
1172 2727 1271 2765 solui

820 2786 857 2818 te
878 2792 967 2818 eum
987 2787 1025 2818 et
1045 2781 1157 2819 sinite
1177 2793 1267 2819 eum

819 2834 925 2872 abire

818 2888 851 2909 ⁴⁵
867 2888 980 2926 Multi
1001 2901 1094 2939 ergo
1113 2901 1161 2926 ex
1181 2888 1302 2927 iudeis

821 2955 888 2993 qui
907 2950 1092 2981 uenerant
1113 2943 1180 2994 qui

821 3004 1006 3036 uenerant
1025 2997 1075 3036 ad
1095 3009 1160 3036 ma

1753 233 1898 270 JOHA
1907 232 2090 272 NNEM

1379 323 1461 352 Fol.
1477 323 1537 353 69.

1380 365 1496 403 Riam
1516 365 1581 416 qui
1601 364 1778 403 uiderant

1378 432 1477 470 quae
1498 420 1585 458 fecit
1605 419 1664 457 ihs
1720 432 1785 458 cre

1380 474 1558 512 diderunt
1579 475 1618 511 in
1637 486 1728 512 eum

1378 528 1406 550 ⁴⁶
1420 528 1578 578 quidam
1599 534 1796 566 autem‘ex

1380 583 1474 633 ipsis
1495 583 1670 621 abierunt
1690 583 1739 620 ad
1760 583 1838 632 pha

1381 638 1502 676 riseos
1523 644 1560 675 et
1581 637 1758 674 dixerunt

1380 692 1434 730 eis
1455 691 1561 742 quod
1582 691 1668 729 fecit
1689 691 1748 728 ihs

1381 756 1476 783 XXII
1486 746 1514 767 ‘¹⁷
1533 745 1770 795 Collegerunl
1784 758 1870 795 ergo

1381 801 1564 851 principis
1585 800 1746 838 sacerdo

1380 863 1463 893 tum
1501 862 1539 893 et
1559 855 1726 905 pharisei
1746 860 1822 893 co-

1380 910 1508 948 cilium
1530 916 1568 947 et
1593 910 1772 947 dicebant

1380 964 1471 1015 quid
1491 964 1651 1002 facimus
1691 963 1798 1013 quod

1380 1019 1440 1057 hic
1461 1018 1582 1056 homo
1603 1018 1691 1055 talia
1713 1019 1771 1067 sig

1380 1085 1430 1111 na
1450 1073 1540 1110 facit
1580 1072 1608 1094 ⁴⁸
1623 1073 1654 1110 si
1674 1073 1832 1122 relinqui

1380 1139 1467 1165 mus
1488 1127 1594 1164 illum
1616 1127 1670 1165 sic
1692 1139 1757 1165 om

1379 1194 1448 1219 nes
1468 1181 1629 1219 credunt
1649 1182 1687 1218 in
1707 1193 1797 1219 eum

1378 1242 1415 1273 et
1435 1235 1593 1273 uenient
1613 1236 1764 1273 romani

1378 1297 1415 1327 et
1435 1289 1570 1328 tollent
1591 1290 1720 1328 locum
1741 1301 1813 1328 nos

1376 1351 1477 1382 trum
1499 1351 1536 1382 et
1554 1352 1711 1394 gentem

1377 1399 1405 1420 ⁴⁹
1422 1398 1536 1437 Unus
1556 1406 1685 1437 autem
1706 1411 1754 1436 ex
1775 1398 1866 1448 ipsis

1379 1453 1538 1502 caiphas
1578 1465 1666 1492 cum
1686 1459 1787 1491 esset

1380 1508 1560 1558 princeps
1581 1508 1742 1546 sacerdo

1379 1570 1462 1599 tum
1483 1563 1573 1600 anni
1592 1562 1689 1600 illius
1710 1561 1806 1600 dixit

1380 1617 1434 1655 eis
1455 1629 1528 1655 uos
1548 1617 1705 1655 nescitis
1725 1617 1816 1667 quic

1383 1748 1516 1796 Quam
1535 1748 1564 1770 ⁵⁰
1578 1760 1705 1799 neque
1726 1761 1773 1787 co

1382 1804 1509 1853 gitatis
1529 1804 1620 1853 quia
1641 1803 1794 1852 expedit

1382 1858 1493 1896 uobis
1512 1867 1553 1895 ut
1573 1870 1674 1895 unus
1694 1858 1813 1896 homo

1383 1912 1566 1951 moriatur
1585 1924 1655 1961 pro
1676 1924 1784 1961 popu

1383 1967 1420 2005 lo
1440 1973 1478 2004 et
1499 1979 1579 2005 non
1599 1972 1679 2004 tota
1698 1977 1795 2015 gens

1383 2026 1517 2071 pereat

1383 2075 1410 2096 ⁵¹
1425 2075 1516 2113 Hoc
1537 2080 1667 2112 autem
1688 2074 1852 2125 semetip

1385 2142 1428 2168 so
1449 2142 1528 2167 non
1550 2129 1702 2166 dicebat
1723 2129 1792 2166 sed

1384 2196 1473 2222 cum
1493 2190 1595 2221 esset
1615 2183 1792 2233 pontifex

1384 2239 1475 2276 anni
1497 2238 1593 2275 illius
1614 2237 1762 2287 prophe

1384 2293 1478 2330 tauit
1516 2293 1606 2342 quia
1622 2292 1755 2341 incipit

1384 2348 1443 2385 ihs
1463 2347 1633 2385 moriens
1653 2359 1723 2396 pro
1742 2352 1820 2396 ge·-

1382 2408 1419 2440 te
1439 2402 1539 2439 mori
1593 2400 1673 2438 ⁶2et
1693 2413 1772 2439 non

1385 2462 1534 2494 tanturn
1554 2467 1624 2504 pro
1646 2462 1762 2504 gente

1387 2510 1455 2548 sed
1474 2516 1516 2548 ut
1536 2510 1634 2548 filius
1655 2509 1694 2547 di
1733 2509 1799 2560 qui

1387 2572 1474 2602 sunt
1496 2564 1655 2614 dispersi
1675 2564 1764 2602 colli

1386 2620 1480 2666 gant
1500 2619 1538 2655 in
1560 2630 1682 2655 unum

1387 2673 1416 2693 ⁶⁸
1428 2672 1489 2709 Ex
1510 2672 1572 2709 illa
1593 2673 1721 2721 itaque
1745 2671 1805 2709 die
1827 2683 1875 2710 co

1386 2728 1603 2776 gitauerunt
1623 2726 1747 2763 iudaei

1388 2787 1428 2818 ut
1447 2780 1705 2818 interficerent

1388 2846 1478 2871 eum
1561 2833 1589 2853 ⁶4
1602 2834 1660 2871 ihs
1683 2845 1778 2883 ergo

1389 2889 1466 2925 iam
1487 2899 1567 2925 non
1588 2887 1716 2938 palam
1738 2900 1801 2925 am

1389 2942 1571 2980 bulabam
1590 2949 1683 2991 aput
1703 2942 1837 2980 iudeos

1390 2996 1459 3035 sed
1478 2996 1599 3035 habiit
1618 2997 1658 3035 in
1672 2998 1859 3048 regione-

1320 3133 1383 3159 F2

2364 244 2413 282 35

1915 364 2030 402 quta
2050 364 2245 402 desertum

1915 419 1954 455 in
1976 419 2131 456 ciuitate
2170 430 2269 467 quae

1915 473 2051 511 dicitur
2071 473 2226 523 eprhem
2247 479 2285 511 et

1914 528 1966 565 ibi
1987 529 2198 565 morabitur
2218 539 2307 566 cum

1916 582 2112 631 discipulis
2133 583 2208 620 suis

1915 637 1944 657 ⁵⁵
1958 636 2165 686 Propterea
2185 643 2315 674 autem

1915 698 1997 728 erat
2017 691 2162 741 pascha
2183 691 2295 728 iudae

1916 757 2028 783 orum
2067 745 2235 783 ascende

1915 806 2004 837 runt
2024 812 2117 849 ergo
2137 799 2233 837 mult
2253 800 2293 837 in

1915 854 2160 892 iherosolima
2180 853 2227 891 de
2248 865 2288 892 re

1915 908 2031 959 gione
2047 917 2136 946 ante
2157 907 2303 958 pascha

1915 970 1957 1001 ut
1977 963 2231 1001 sanctificaret
2251 974 2292 1001 se

1914 1017 2020 1067 ipsos

1913 1070 1941 1094 ³⁶
1955 1072 2180 1119 Querebant
2199 1083 2292 1122 ergo
2312 1071 2393 1110 ihm

1914 1133 1953 1164 et
1973 1126 2309 1176 conloquebantur

1914 1181 1964 1219 ad
1987 1181 2153 1219 inuicem
2173 1181 2212 1218 in
2234 1187 2312 1218 tem

1913 1234 1978 1285 plo
1999 1242 2143 1273 stantes
2163 1242 2200 1272 et
2220 1235 2334 1273 dicen

1914 1297 1973 1328 tes
2013 1289 2155 1338 putatis
2176 1290 2266 1338 quia
2280 1294 2363 1327 no*

1914 1344 2046 1381 ueniet
2063 1343 2112 1382 ad
2128 1343 2230 1381 diem
2251 1343 2307 1381 fes

1914 1405 1998 1436 tum

1915 1452 2151 1491 ⁵⁷Dederant
2173 1459 2305 1490 autem
2323 1451 2415 1502 pri-

1915 1507 2019 1557 cipes
2040 1506 2284 1545 sacerdotum

1916 1568 1953 1600 et
1970 1562 2136 1611 pharisei
2151 1566 2364 1611 preceptu·‘

1917 1625 1958 1654 ut
1979 1617 2011 1655 si
2031 1616 2118 1667 quis
2134 1616 2366 1665 cognouerit

1917 1748 1996 1786 Ubi
2016 1748 2063 1786 sit
2083 1754 2124 1785 ut
2144 1746 2312 1785 indicent
2333 1752 2369 1784 et

1917 1802 2234 1852 conprehendant
2254 1813 2345 1839 eum

1918 1857 2046 1894 12¹Ihs
2059 1868 2151 1906 ergo
2165 1862 2253 1893 ante
2262 1867 2329 1892 sex
2338 1854 2419 1893 dies

1917 1911 2062 1961 pasche
2082 1910 2187 1948 uenit
2205 1910 2245 1947 in
2265 1909 2342 1948 bhe

1918 1966 2048 2004 thania
2069 1965 2134 2003 ubi
2153 1971 2233 2002 erat
2252 1963 2400 2002 lazarus

1918 2021 1984 2071 qui
2005 2020 2074 2057 suit
2093 2025 2267 2056 mortuus
2288 2024 2392 2069 que-

1919 2074 2117 2113 suscitauit
2138 2073 2197 2111 ihs
2217 2075 2229 2095 ²
2244 2073 2402 2111 secem*

1919 2141 2014 2178 ergo
2034 2129 2069 2167 ei
2089 2140 2251 2166 caenam
2272 2128 2324 2165 ibi

1918 2190 1957 2222 et
1977 2183 2127 2221 martha
2146 2183 2321 2220 ministra

1918 2239 1985 2276 bat
2004 2244 2042 2275 et
2061 2238 2209 2275 lazarus
2230 2249 2329 2274 unus

1919 2300 2000 2330 erat
2020 2304 2067 2330 ex
2088 2292 2305 2330 discunben

1920 2347 2021 2384 tibus
2042 2358 2131 2384 cum
2152 2358 2200 2383 eo

1919 2402 1932 2422 ⁸
1946 2401 2073 2439 Maria
2092 2412 2185 2450 ergo
2204 2398 2358 2448 adcepit

1920 2455 2057 2493 libram
2077 2454 2263 2503 unguenti
2283 2453 2343 2502 pis

1921 2510 1985 2547 tici
2024 2516 2061 2547 et
2079 2509 2189 2546 unxit
2209 2508 2329 2558 pedes

1921 2564 1987 2601 ihu
2007 2570 2043 2600 et
2063 2562 2218 2600 extersit
2237 2561 2338 2611 capil

1920 2618 1966 2656 lis
1986 2618 2063 2654 suis
2084 2617 2203 2666 pedes
2222 2616 2303 2654 eius
2323 2622 2361 2654 et

1921 2672 2061 2709 domus
2081 2671 2225 2721 inpleta
2244 2676 2302 2708 est

1921 2739 1969 2764 ex
1990 2725 2107 2764 odere
2127 2737 2287 2774 unguen

1921 2781 1948 2818 ti
2113 2780 2126 2799 4
2140 2789 2177 2817 et
2197 2779 2287 2817 dicit

1922 2846 2021 2872 unus
2041 2846 2090 2872 ex
2111 2833 2306 2883 discipulis
2326 2834 2408 2871 eius

1923 2889 2034 2927 iudas
2054 2889 2181 2926 simon
2202 2889 2370 2926 scarioht

1923 2943 1989 2994 qui
2009 2943 2212 2994 incipiebat
2231 2955 2321 2980 eum

1924 2998 2072 3036 tradere
2127 2998 2142 3019 ⁶
2154 3009 2272 3048 quare
