2866 3346
284 232 366 258 x111.
386 224 518 257 8-xr11.
539 215 615 270 39.]
670 215 1087 256 EUANGELIUM
1115 215 1226 255 SEC

286 307 371 338 ποι.
388 307 422 337 5.

286 349 491 397 Quaedam
512 348 656 387 centesi

285 415 395 441 mum
415 403 519 441 aliud
538 408 710 453 sexage*

287 458 429 496 simum
449 457 554 495 aliud
575 458 694 496 tricen

285 513 426 550 simum
446 511 533 562 ⁹qui
553 512 670 550 habet
691 523 740 549 au

286 578 347 604 res
366 566 547 604 audiendi
566 566 695 604 audiat

285 620 313 642 ¹⁰
321 620 369 658 Et
381 620 610 659 accedentes
620 621 786 670 discipu-

284 675 465 713 dixerunt
485 676 518 713 ei
540 687 658 725 quare
678 676 718 713 in
743 673 785 728 [li

284 730 479 779 parabolis
499 729 667 780 loqueris

285 783 334 821 ad
354 795 421 822 eos

286 837 376 875 nAd
390 838 472 888 ipse
485 837 726 887 respondens
734 838 786 876 ait

285 891 355 930 illis
376 893 465 941 quia
483 892 595 930 uobis
615 892 734 930 datu-

284 953 342 984 est
361 958 475 984 nosse
494 947 687 996 myteriu-

284 1000 393 1050 regni
412 1001 512 1038 illius
533 1006 662 1038 autem

285 1066 365 1093 non
379 1061 438 1092 est
457 1055 590 1092 datum
611 1054 638 1076 ¹²
646 1056 711 1105 qui

284 1109 387 1146 enim
409 1108 523 1147 habet
543 1108 694 1146 dabitur

282 1162 317 1200 ei
337 1168 375 1200 et
395 1162 606 1200 abundabit
628 1184 637 1193 ·
658 1162 724 1213 qui

282 1222 411 1254 autem
431 1229 510 1254 non
531 1216 646 1254 habet

282 1277 321 1308 et
340 1271 445 1320 quod
466 1271 581 1309 habet
599 1271 729 1309 aufere

280 1330 342 1362 tur
363 1326 412 1362 ab
432 1336 480 1363 eo

282 1378 413 1417 18Ιό6ο
433 1380 473 1417 in
492 1379 686 1429 parabolis
706 1380 744 1418 lo

281 1445 381 1483 quor
398 1434 454 1472 eis
473 1441 514 1471 ut
533 1433 709 1473 uidentes

336 1500 416 1526 non
435 1489 593 1526 uideant

335 1549 373 1580 et
392 1543 591 1580 audientes

337 1597 494 1634 audiant
514 1603 551 1634 et
570 1609 651 1635 non

281 1682 511 1732 Intellegant
531 1695 581 1721 ne
601 1689 706 1734 qua-

281 1737 334 1774 do
354 1744 627 1775 conuertantur

282 1790 353 1829 ¹⁴et
372 1798 465 1829 tunc
485 1791 689 1841 inpleuitur

554 1861 574 1882 a.

280 1894 320 1932 in
340 1894 395 1932 eis
414 1895 551 1945 profeti
571 1895 696 1934 eseiae

280 1949 443 1987 dicentis

335 2003 435 2042 uade
456 2009 494 2042 et
514 2003 575 2042 dic
595 2017 702 2055 popu

334 2057 373 2096 lo
392 2058 481 2096 huic
501 2059 633 2096 auditu

334 2112 496 2150 audietis
515 2119 552 2151 et
572 2125 652 2151 non

333 2166 559 2216 intellegetis
579 2174 617 2205 et

332 2221 508 2259 uidentes
528 2222 616 2259 uide

333 2275 421 2313 bitis
442 2282 479 2312 et
498 2288 579 2313 non
599 2276 688 2315 uide

333 2329 422 2367 bitis
442 2329 689 2369 ¹⁶incrassatu

333 2389 391 2420 est
411 2384 515 2421 enim
535 2397 603 2422 cor
623 2398 676 2434 po

333 2437 414 2486 puli
433 2437 545 2476 huius
564 2446 602 2477 et
621 2452 671 2477 au

334 2491 437 2528 ribus
458 2492 622 2541 grauiter

334 2544 538 2583 audierunt
556 2553 594 2583 et
612 2558 686 2586 ocu

333 2596 393 2635 los
414 2611 503 2637 suos
523 2599 715 2639 cluserunt

334 2664 384 2689 ne
405 2652 563 2702 quando
582 2654 671 2692 uide

335 2712 401 2744 ant
421 2707 541 2744 oculis
562 2716 599 2745 et
619 2720 667 2746 au

334 2760 439 2798 ribus
459 2761 615 2800 audiant

336 2821 374 2853 et
393 2815 510 2853 corde
531 2816 658 2855 intelle

335 2875 429 2918 gant
449 2877 486 2907 et
505 2882 651 2909 conuer

334 2929 463 2961 tantur
481 2931 519 2963 et
538 2931 662 2964 sane-

333 2977 419 3016 illos

821 346 983 386 ¹⁶Uestri
1004 353 1133 385 autem
1153 345 1257 384 beati

821 403 921 441 oculi
940 402 1006 452 qui
1025 402 1158 439 uident
1177 408 1215 439 et

821 468 932 495 aures
952 468 1051 507 quae
1071 456 1230 493 audiunt

821 510 971 549 ¹⁷amen
995 510 1084 548 dico
1103 510 1217 548 uobis

821 565 928 616 quod
948 565 1056 602 multi
1076 564 1186 614 profe

820 626 881 658 tae
901 626 938 657 et
957 619 1042 657 iusti
1063 619 1265 668 cupierunt

820 673 951 712 uidere
970 685 1044 723 que
1064 673 1201 711 uidetis

820 735 858 767 et
877 740 957 765 non
977 728 1156 765 uiderunt

820 789 857 820 et
877 782 1007 820 audire
1028 793 1127 832 quae
1147 781 1236 819 audi

819 837 867 874 tis
887 842 924 874 et
944 849 1024 875 non
1044 836 1248 874 audierunt

819 890 846 912 ¹⁸
855 890 938 929 Uos
958 903 1051 940 ergo
1071 891 1201 928 audite
1225 903 1318 941 para

819 945 951 983 bolam
972 945 1196 983 seminantis

818 999 979 1037 ¹⁹omnis
1000 1000 1064 1049 qui
1085 999 1191 1037 audit
1209 1012 1278 1037 uer

817 1054 911 1091 burn
932 1054 1040 1102 regni
1063 1059 1101 1091 et
1121 1065 1201 1091 non

818 1107 1004 1157 intellegit
1022 1107 1129 1145 uenit

818 1161 942 1199 malus
963 1168 999 1199 et
1019 1162 1118 1211 rapit
1139 1161 1243 1211 quod

818 1216 1050 1253 seminatum
1071 1222 1128 1253 est
1146 1216 1185 1253 in

819 1269 936 1308 corde
956 1269 1055 1307 illius
1075 1269 1136 1307 hic
1157 1275 1215 1307 est

818 1324 885 1373 qui
909 1336 1020 1362 secus
1039 1324 1144 1361 uiam
1165 1336 1206 1361 se

817 1378 984 1416 minatus
1004 1384 1062 1416 est
1082 1378 1181 1428 2⁰qui
1202 1385 1316 1416 aute-

818 1444 934 1482 supra
953 1438 1109 1482 petrosa
1129 1433 1224 1470 semi

817 1496 931 1524 natus
951 1494 1008 1525 est
1028 1487 1090 1525 hic
1110 1494 1168 1525 est
1189 1487 1255 1537 qui

817 1542 981 1579 uerbum
1001 1542 1107 1579 audit
1127 1548 1163 1579 et

818 1596 1002 1633 continuo
1023 1606 1112 1633 cum
1132 1607 1209 1646 gau

817 1681 895 1719 Dio
917 1681 1055 1731 accipit
1075 1681 1167 1720 illud
1188 1682 1214 1704 ²¹
1224 1682 1289 1720 sed

816 1747 896 1773 non
917 1735 1033 1773 habet
1053 1736 1091 1773 in
1112 1748 1152 1774 se
1173 1749 1214 1775 ra

816 1790 943 1828 dicem
967 1790 1035 1828 sed
1056 1797 1111 1828 est
1130 1797 1209 1828 tem

815 1844 958 1894 poralis
978 1844 1080 1882 facta
1100 1851 1218 1882 aute-

814 1898 1058 1936 tribulatione
1078 1911 1176 1948 prop

816 1959 873 1991 ter
891 1954 1054 1990 uerbum
1074 1953 1178 1990 conti

815 2019 895 2044 nuo
916 2007 1190 2045 scandalizatur

815 2061 915 2111 ²²qui
935 2068 1064 2098 autem
1085 2062 1125 2098 in
1145 2061 1264 2112 spinis

815 2116 1024 2154 seminatur
1044 2115 1105 2154 hic
1124 2123 1182 2154 est

815 2170 882 2220 qui
901 2171 1063 2207 uerbum
1083 2170 1189 2208 audit

814 2230 852 2262 et
872 2224 1088 2262 sollicitudo
1110 2237 1175 2262 sae

814 2278 889 2316 culi
910 2285 947 2316 et
966 2278 1146 2328 uoluptas
1166 2278 1205 2316 di

814 2332 992 2370 uitiarum
1013 2333 1178 2371 suffocat

813 2387 975 2424 uerbum
995 2392 1032 2424 et
1052 2387 1132 2425 sine
1152 2387 1236 2426 fruc

813 2447 854 2478 tu
874 2441 1033 2479 efficitur
1089 2442 1188 2491 ²³qui
1209 2454 1257 2480 ue

813 2507 857 2532 ro
877 2495 915 2532 in
935 2501 1075 2533 terram
1097 2496 1233 2534 bona-

815 2550 1026 2587 seminatus
1046 2556 1104 2587 est
1123 2550 1186 2588 hic

815 2609 872 2640 est
892 2604 958 2653 qui
978 2604 1083 2641 audit
1102 2605 1251 2642 uerbu-

814 2663 852 2694 et
871 2657 1055 2706 intellegit
1076 2679 1085 2688 ·
1106 2664 1199 2696 tunc

813 2709 977 2748 fructum
998 2711 1122 2749 adfert

814 2771 852 2802 et
871 2765 962 2802 facit
982 2765 1073 2803 aliut
1093 2764 1239 2815 quide‘

815 2825 1058 2856 centes1mu-

815 2872 908 2910 aliut
927 2884 1070 2923 sexage

814 2927 956 2965 simum
975 2926 1079 2966 aliud

1752 214 1840 253 MA
1852 214 2062 254 TTEUM

1392 304 1474 334 Fol.
1495 304 1529 333 6.

1390 345 1676 383 Tricensimum

1390 400 1554 437 ²⁴Aliam
1574 400 1802 449 parabulam
1822 413 1893 451 pro

1390 454 1520 504 posuit
1539 454 1610 492 illis
1630 454 1762 493 dicens
1785 477 1793 486 ·
1815 457 1846 493 si

1389 509 1478 546 mile
1499 515 1557 547 est
1576 521 1739 558 regnum
1760 522 1828 547 cae

1388 564 1514 601 lorum
1534 563 1681 600 homini
1701 564 1766 614 qui
1787 576 1828 602 se

1388 618 1549 655 minauit
1569 629 1717 655 uonum
1739 630 1778 656 se

1389 684 1480 709 men
1501 672 1540 709 in
1560 684 1653 721 agro
1674 684 1744 711 suo

1389 726 1526 764 ²⁶Cum
1547 732 1676 764 autem
1696 726 1880 765 romirent

1389 780 1568 818 homines
1589 781 1695 818 uenit
1714 781 1767 818 ini

1389 835 1511 873 micus
1531 841 1568 873 et
1588 835 1803 884 supersemi

1388 890 1496 927 nauit
1516 890 1661 926 zizania
1681 890 1720 926 in
1741 890 1786 927 tri

1388 944 1505 982 ticum
1519 950 1556 982 et
1568 944 1660 981 abiit
1675 960 1684 969 ·
1696 943 1798 982 2⁶sed
1812 952 1887 982 cu-

1388 998 1571 1036 creuisset
1590 998 1709 1036 herba
1729 1005 1766 1036 et
1786 999 1867 1037 fruc

1387 1058 1470 1090 tum
1489 1053 1640 1090 fecisset
1660 1059 1751 1091 tunc
1771 1065 1821 1103 ap

1388 1113 1594 1155 paruerunt
1613 1107 1780 1145 zizaniae

1388 1160 1681 1198 ²⁷Accesserunt
1700 1168 1830 1199 autern

1389 1215 1487 1252 serui
1506 1214 1792 1264 patrisfamilias

1388 1275 1426 1306 et
1445 1269 1622 1307 dixerunt
1641 1270 1676 1306 ei
1696 1270 1772 1307 dr‘1e

1388 1335 1520 1361 nonne
1542 1324 1690 1361 bonum
1711 1336 1752 1362 se

1388 1390 1480 1414 men
1501 1378 1697 1415 seminasti
1718 1379 1756 1415 in
1777 1390 1801 1416 a

1388 1444 1459 1481 gro
1479 1438 1545 1470 tuo
1566 1433 1670 1470 unde
1691 1445 1785 1481 ergo

1388 1486 1502 1524 habet
1522 1486 1670 1524 zizania
1691 1509 1699 1518 ·
1720 1486 1792 1525 “’sset
1815 1486 1866 1525 ait

1387 1541 1457 1577 illis
1478 1541 1655 1579 inimicus
1676 1541 1794 1579 homo

1358 1640 1360 1643 ι
1388 1594 1464 1633 hoc
1485 1594 1573 1633 fecit
1593 1595 1725 1634 dicunt
1748 1596 1784 1634 ei

1390 1681 1498 1719 Serui
1519 1682 1577 1720 uis
1596 1682 1695 1720 imus
1716 1688 1752 1720 et
1772 1683 1833 1721 col

1387 1736 1541 1784 ligimus
1558 1749 1604 1774 ea
1625 1757 1633 1766 ·
1654 1738 1724 1774 ²⁹et
1740 1738 1789 1775 ait
1805 1745 1891 1775 no-

1387 1802 1436 1827 ne
1456 1790 1552 1829 forte
1572 1791 1794 1840 colligentes

1387 1844 1535 1883 zizania
1554 1845 1754 1883 eradicetis

1387 1898 1500 1935 simul
1520 1905 1557 1936 et
1577 1899 1757 1937 tritticum

1387 1952 1490 1990 ³⁰sed
1511 1953 1621 1991 sinite
1641 1961 1802 2003 utraque

1386 2019 1556 2045 crescere
1575 2019 1696 2057 usque
1717 2008 1767 2045 ad

1385 2073 1553 2099 messem
1574 2069 1609 2099 et
1629 2062 1668 2099 in
1688 2068 1767 2100 tem

1386 2128 1477 2164 pore
1498 2116 1635 2154 messis
1655 2116 1783 2154 dicam

1385 2170 1619 2208 messoribus
1641 2192 1650 2202 ·
1672 2171 1760 2208 colli

1385 2224 1461 2274 gite
1482 2225 1649 2274 primum
1670 2225 1750 2263 ziza

1385 2279 1449 2316 nia
1467 2285 1505 2316 et
1524 2279 1677 2328 alligate
1697 2291 1744 2317 ea
1763 2279 1820 2317 fas

1385 2333 1529 2371 ciculos
1549 2333 1599 2371 ad
1618 2334 1763 2371 combu

1385 2387 1549 2425 rendum
1571 2409 1580 2418 ·
1600 2388 1770 2426 tritticu-

1385 2448 1513 2479 autem
1534 2454 1753 2492 congraega

1385 2502 1422 2533 te
1443 2496 1482 2533 in
1501 2495 1681 2534 horreum
1702 2503 1820 2534 meu*

1383 2549 1547 2588 ³¹Aliam
1567 2551 1793 2599 parabolam
1813 2550 1851 2588 lo

1384 2610 1496 2641 cutus
1515 2611 1572 2642 est
1592 2605 1645 2642 eis
1665 2604 1797 2642 dicens

1385 2658 1506 2695 simile
1526 2665 1583 2696 est
1602 2670 1766 2707 regnum

1385 2712 1577 2749 caelorum
1598 2724 1721 2761 grano

1386 2765 1530 2814 sinapis
1550 2766 1656 2815 quod
1677 2764 1802 2815 accipi

1385 2831 1454 2857 ens
1476 2819 1594 2857 homo
1615 2820 1764 2858 semina

1384 2873 1439 2910 uit
1458 2873 1497 2910 in
1517 2885 1655 2923 agrum
1675 2878 1779 2911 suu·-

1384 2927 1527 2977 ⁸²quod
1548 2929 1752 2966 minimum
1771 2927 1837 2979 qui

1323 3055 1387 3080 132

2409 231 2430 266 0>

1926 346 2030 385 Dem
2051 353 2109 384 est
2128 348 2314 386 omnibus

1927 402 2138 439 seminibus
2160 424 2168 432 ·
2189 414 2279 440 cum

1925 462 2054 493 autem
2075 457 2237 494 creberit

1925 511 2050 548 maius
2071 510 2112 547 fit
2132 512 2315 549 omnibus

1924 564 2120 603 holeribus
2141 571 2177 602 et
2199 565 2239 602 fit
2259 578 2303 603 ar

1925 619 1996 656 bor
2014 619 2066 656 ita
2086 626 2126 656 ut
2146 619 2300 658 uoluere

1925 673 1996 710 celi
2017 674 2172 711 ueniant
2193 680 2230 711 et
2249 674 2312 712 abi

1925 733 2007 764 tent
2028 728 2067 764 in
2088 728 2203 765 ramis
2224 728 2305 765 eius

1926 781 2008 817 XL³³
2027 781 2154 819 Aliam
2174 782 2400 831 parabolam

1924 835 2078 873 locutus
2098 843 2156 873 est
2175 837 2229 873 eis
2251 837 2337 874 simi

1925 889 1960 927 le
1980 896 2037 928 est
2057 902 2220 940 regnum
2242 903 2310 929 cae

1925 944 2051 982 lorum
2071 944 2263 983 fermento

1925 999 2031 1048 quod
2052 1006 2253 1048 acceptum
2273 1010 2342 1036 mu

1923 1053 1992 1090 lier
2011 1053 2213 1091 abscondit
2232 1054 2271 1090 in

1924 1107 2086 1145 farinam
2107 1120 2244 1145 mensu

1924 1162 1976 1199 ris
1996 1162 2115 1199 tribus
2135 1161 2261 1199 donec
2280 1160 2337 1199 fer

1924 1222 2137 1253 mentatum
2157 1223 2215 1253 est
2235 1221 2348 1253 totu-

1924 1269 2055 1307 ³⁴haec
2076 1270 2208 1307 omnia
2227 1270 2318 1308 locu

1923 1330 1984 1361 tus
2004 1330 2060 1361 est
2080 1324 2138 1361 ihs
2158 1324 2196 1361 in
2217 1336 2311 1373 para

1925 1378 2024 1416 bolis
2044 1378 2093 1416 ad
2114 1379 2246 1416 turbas
2266 1384 2304 1417 et

1925 1433 2007 1470 sine
2028 1433 2222 1482 parabolis
2241 1439 2326 1471 no*

1924 1487 2155 1537 loquebatur
2175 1487 2240 1524 eis·

1924 1541 2000 1579 8⁵ut
2020 1541 2242 1591 impleretur
2262 1540 2370 1592 quod

1924 1595 2069 1634 dictum
2090 1602 2147 1634 est
2166 1608 2236 1646 per
2255 1608 2328 1646 pro

1924 1682 2059 1721 Fetam
2079 1682 2273 1720 dicentem

1979 1737 2149 1786 aperiam
2170 1737 2209 1774 in
2228 1737 2376 1786 parabo

1978 1791 2024 1829 lis
2044 1802 2089 1829 os
2108 1802 2239 1829 meum
2259 1803 2351 1829 eruc

1978 1846 2097 1883 tuabo
2117 1846 2308 1883 absconsa

1978 1905 2066 1937 ante
2087 1900 2307 1938 constitutio

1978 1965 2069 1991 nem
2090 1954 2225 1991 mundi

1922 2008 2047 2046 ⁸⁰tunc
2068 2007 2211 2045 dimisit
2230 2008 2362 2046 turbas

1921 2063 2028 2100 uenit
2048 2062 2087 2099 in
2103 2062 2264 2100 domum
2285 2069 2322 2100 et

1923 2123 2165 2154 accesserunt
2185 2117 2235 2154 ad
2254 2121 2335 2154 eu*

1923 2171 2100 2221 discipuli
2120 2171 2201 2209 eius
2222 2171 2335 2210 dicen

1924 2231 1981 2263 tes
2001 2238 2139 2263 enarra
2158 2226 2272 2263 nobis
2292 2238 2343 2275 pa

1923 2280 2098 2318 rabolam
2118 2280 2231 2317 tritici
2251 2286 2289 2317 et

1923 2335 2155 2372 zizaniorum
2176 2334 2257 2383 agri

1922 2388 2020 2426 ³⁷Ad
2041 2389 2098 2425 ihs
2118 2386 2356 2437 respondens
2377 2387 2428 2426 ait

1923 2442 1988 2493 qui
2009 2442 2172 2480 seminat
2192 2443 2328 2479 bonu-

1922 2508 2056 2535 semen
2077 2496 2177 2533 filius
2197 2495 2305 2532 homi

1922 2550 1983 2588 nis
1998 2557 2055 2588 est
2071 2572 2080 2581 ·
2126 2549 2155 2571 ³⁸
2163 2562 2256 2600 ager
2270 2555 2401 2588 autem

1922 2604 1985 2642 hic
2005 2603 2175 2642 mundus
2196 2620 2205 2629 ·
2225 2605 2360 2642 bonu*

1922 2670 2015 2696 uero
2035 2670 2171 2695 semen
2193 2679 2202 2689 ·
2222 2658 2262 2695 hi
2282 2665 2372 2696 sunt

1922 2712 1975 2749 fili
1995 2712 2102 2762 regni
2124 2733 2132 2742 ·
2154 2712 2302 2750 zizania

1922 2773 2049 2804 autem
2070 2766 2132 2804 filii
2153 2774 2242 2805 sunt
2262 2779 2311 2805 ne

1922 2821 2063 2871 quitiae
2086 2843 2095 2852 ·
2115 2821 2328 2859 ³⁹inimicus

1922 2881 2053 2914 autern
2074 2875 2140 2925 qui
2161 2876 2310 2914 semina

1922 2930 1978 2968 uit
1997 2942 2043 2968 ea
2065 2951 2075 2962 ·
2095 2930 2269 2968 diabolus
2289 2936 2347 2968 est
