2866 3346
468 229 514 254 22

461 304 546 335 1¹01.
562 304 621 335 43.

467 350 484 385 1
510 346 582 384 ¹In
593 346 785 396 princtpz‘o
803 350 886 384 erat
901 358 968 384 uer

463 401 548 439 bum
568 405 602 438 et
617 400 767 438 uerbum
786 405 870 438 erat

463 459 556 505 aput
572 454 633 492 dm
652 459 688 492 et
703 454 747 492 ds
765 458 849 492 erat

463 508 613 547 uerbum
633 508 719 546 2Ιιοῑ
737 512 821 546 erat

463 564 505 600 in
514 563 703 613 principio
722 565 814 612 aput
830 561 893 599 dm

465 616 633 654 ³Omnia
651 627 719 666 per
738 616 845 653 illum
864 615 967 654 facta

463 676 554 709 sunt
572 675 610 708 et
630 670 711 708 sine
730 669 796 708 illo
815 668 876 709 fac

461 730 546 762 tum
565 730 623 763 est
642 723 736 761 nihil
755 723 863 774 quod

465 777 611 816 sactum
631 785 689 816 est
708 778 767 815 *in
787 778 875 828 ipso

462 832 542 870 uita
561 839 618 870 est
637 839 674 870 et
693 832 773 870 uita
792 837 874 870 erat

462 885 528 924 lux
548 885 750 925 hominum
770 886 828 924 ⁵et
846 885 912 923 lux

463 939 504 978 in
523 940 690 979 tenebris
708 940 810 978 lucet
828 945 867 978 et

463 994 645 1033 tenebrae
665 1006 752 1032 eam
771 1006 853 1032 non

463 1047 850 1098 conpraehenderunt

461 1101 515 1140 ‘F
516 1103 571 1140 uit
583 1101 702 1140 homo
717 1102 858 1140 missus
873 1113 896 1140 a
911 1099 965 1140 do

462 1156 526 1195 cui
545 1168 691 1194 nomen
711 1162 792 1194 erat
811 1156 848 1193 io

461 1209 611 1248 hannes
629 1209 713 1248 ⁷hic
732 1209 839 1248 uenit

461 1264 502 1302 in
520 1263 784 1303 testimonium
804 1270 847 1301 ut

462 1318 726 1357 testimonium
744 1317 852 1368 perhi

462 1373 570 1411 beret
587 1371 635 1410 de
655 1371 797 1410 lumine
818 1378 861 1410 ut

462 1438 600 1466 omnes
619 1426 820 1465 crederent

515 1493 533 1518 r
552 1480 658 1518 illum

462 1493 523 1573 {³151
526 1546 578 1573 on
598 1540 680 1573 erat
698 1533 761 1572 ille
782 1533 848 1572 lux
867 1533 938 1572 sed

462 1594 506 1627 ut
526 1588 789 1627 testimonium
808 1587 916 1639 perhi

461 1718 577 1757 Beret
596 1718 644 1757 de
663 1717 809 1756 lumine

462 1773 563 1812 ⁹erat
582 1772 648 1811 lux
667 1785 761 1810 uera
779 1784 879 1823 quae

463 1827 664 1865 inluminat
684 1834 832 1866 omne-

462 1881 663 1920 hominem
682 1881 824 1919 uenien

463 1942 543 1974 tem
562 1935 602 1973 in
620 1935 724 1974 hunc
743 1946 839 1973 mun

464 1989 559 2028 dum
613 1989 689 2027 ¹⁰in
707 1989 782 2027 hoc
802 2000 899 2026 mun

464 2043 516 2082 do
534 2050 614 2082 erat
632 2051 669 2081 et
688 2042 858 2080 mundus

463 2109 533 2148 per
551 2097 678 2147 ipsum
696 2097 818 2135 factus
838 2103 895 2134 est

463 2158 502 2190 et
520 2151 689 2190 mundus
707 2163 798 2189 eum
818 2158 903 2189 no-

467 2205 654 2255 cognoust

464 2259 547 2297 ¹¹In
566 2271 636 2298 sua
655 2258 808 2309 propria
826 2258 932 2297 uenit

464 2319 503 2353 et
521 2313 580 2352 sui
600 2325 690 2352 eum
709 2325 789 2352 non
807 2325 895 2352 rece

464 2373 604 2418 perunt
621 2367 649 2388 ¹²
656 2366 868 2418 quodquod

465 2427 595 2460 autem
614 2428 842 2471 receperunt

467 2487 558 2514 eum
578 2475 683 2513 dedit
702 2475 756 2514 eis
774 2482 887 2526 potes

465 2536 585 2568 tatem
604 2530 702 2568 filios
720 2529 773 2567 di·
793 2529 877 2567 fieri

467 2583 526 2621 his
546 2584 612 2633 qui
632 2583 794 2622 credunt
814 2584 855 2621 in

467 2638 625 2676 nomine
645 2638 726 2676 eius
745 2637 846 2688 1i‘qui
866 2644 953 2677 no-

467 2703 516 2730 ex
536 2691 751 2740 sanguinib·
771 2704 862 2743 neq·

468 2757 518 2783 ex
540 2744 737 2783 uoluntate
757 2758 823 2784 car

469 2798 530 2836 nis
549 2810 674 2848 neque
694 2811 742 2837 ex
762 2799 887 2838 uolu-

469 2859 548 2891 tate
567 2852 638 2890 uiri
657 2852 726 2890 sed
745 2865 793 2891 ex
813 2852 867 2892 do

470 2906 551 2944 nati
572 2912 662 2945 sunt

469 2959 558 2999 ¹⁴Et
577 2960 740 2999 uerbum
759 2972 849 3000 caro
869 2960 930 3001 sac

792 215 826 255 S
824 215 869 253 E
869 215 903 255 C
908 215 1032 254 UND
1039 215 1132 254 UM

1002 345 1108 384 Tum
1127 352 1185 384 est
1204 352 1242 384 et
1261 345 1447 385 habitabit

1000 400 1041 438 in
1060 400 1173 439 nobis
1192 406 1229 438 et
1248 400 1418 439 uidimus

1000 454 1164 503 gloriam
1184 454 1265 493 eius
1286 475 1295 484 ·
1314 454 1381 505 glo

1001 520 1085 545 ram
1104 508 1214 558 quasi
1232 509 1350 558 unige

1001 562 1070 601 niti
1089 574 1112 599 a
1131 569 1239 612 patre
1259 562 1409 612 plenu-

1000 615 1123 664 gratia
1141 623 1180 655 et
1199 618 1359 655 ueritate

1000 668 1028 690 ¹⁵
1036 670 1231 709 Iohannes
1250 671 1403 709 testimo

999 724 1107 762 nium
1125 725 1273 774 peribet
1293 725 1340 763 de
1359 725 1423 764 illo

1000 783 1038 816 et
1056 778 1196 817 clamat
1215 779 1348 818 dicens

1000 831 1062 870 hic
1082 839 1163 870 erat
1183 845 1297 883 quem
1319 832 1399 871 dixi

1001 886 1068 936 qui
1086 892 1175 936 post
1194 899 1257 925 me
1276 887 1381 925 uenit

1001 946 1090 978 ante
1109 953 1174 979 me
1193 940 1318 979 factus
1337 947 1395 979 est

1001 994 1091 1043 quia
1110 995 1196 1043 prio
1215 1006 1279 1033 me
1298 1000 1380 1033 erat

999 1047 1026 1068 ¹⁶
1035 1047 1234 1094 Quoniam
1253 1048 1301 1086 de
1320 1048 1424 1098 pleni

1000 1101 1133 1140 tudine
1153 1102 1236 1140 eius
1255 1114 1329 1141 nos

1000 1167 1138 1194 omnes
1157 1157 1381 1207 accepimus

998 1210 1162 1259 gratiam
1181 1222 1252 1260 pro
1271 1223 1341 1261 gra

999 1264 1052 1302 tia
1070 1263 1196 1315 ¹⁷quia
1215 1264 1277 1302 lex
1298 1277 1367 1315 per
1386 1276 1477 1316 moy

999 1330 1068 1356 sen
1088 1318 1178 1356 data
1197 1325 1254 1357 est
1326 1331 1397 1369 gra

998 1372 1052 1410 tia
1069 1379 1200 1411 autem
1220 1379 1258 1411 et
1277 1373 1360 1411 ueri

999 1432 1058 1464 tas
1078 1438 1146 1476 per
1166 1426 1259 1465 ihm·
1279 1431 1388 1477 xpm·

998 1479 1099 1519 facta
1118 1487 1175 1519 est

997 1533 1113 1572 ¹⁸dm·
1134 1546 1252 1573 nemo
1272 1534 1364 1574 uidit
1383 1547 1451 1573 um

998 1600 1117 1639 quam
1137 1588 1210 1627 nisi
1230 1589 1347 1639 unige

1000 1718 1114 1757 Nitus
1133 1718 1231 1757 filius
1250 1719 1316 1770 qui
1337 1725 1395 1758 est

998 1773 1039 1811 in
1060 1773 1188 1811 sinum
1207 1774 1326 1824 patris
1346 1773 1429 1824 ipse

999 1827 1193 1866 enarrauit

1000 1881 1084 1920 ¹⁹Et
1096 1881 1170 1920 hoc
1183 1887 1240 1919 est
1252 1880 1505 1920 testimoniu-

1000 1935 1179 1974 iohannis
1199 1935 1355 1986 quando

999 1990 1185 2028 miserunt
1204 1989 1332 2028 iudaei

1001 2044 1052 2082 ab
1071 2043 1341 2094 hierosolymis

1002 2098 1218 2137 sacerdotes
1238 2104 1276 2136 et
1295 2097 1358 2136 leu

1001 2152 1100 2190 uitas
1120 2151 1169 2190 ad
1188 2164 1278 2190 eum
1297 2158 1339 2190 ut
1357 2152 1397 2190 in

1001 2213 1239 2256 terrogarent
1258 2218 1352 2244 eum

1001 2266 1044 2298 tu
1064 2261 1149 2310 quis
1167 2272 1210 2299 es
1284 2259 1358 2298 ²⁰et
1372 2258 1506 2299 confes

1003 2325 1069 2353 sus
1088 2321 1146 2352 est
1165 2321 1202 2352 et
1222 2325 1303 2352 non
1322 2326 1424 2364 nega

1002 2368 1058 2406 uit
1140 2367 1342 2406 confessus
1362 2374 1421 2406 est

1004 2421 1096 2472 quia
1118 2433 1194 2472 ego
1213 2433 1293 2460 non
1313 2433 1399 2460 sum

1003 2478 1079 2525 xps

1002 2529 1088 2568 21Εἰ
1106 2529 1439 2580 interrogauerunt

1003 2595 1094 2623 eum
1112 2584 1250 2623 iterum
1272 2604 1280 2614 ·
1301 2584 1395 2634 quid

1004 2650 1098 2688 ergo
1118 2644 1159 2676 tu
1178 2638 1297 2676 helias
1315 2650 1357 2677 es
1376 2644 1414 2677 et

1006 2691 1099 2731 dixit
1119 2704 1200 2731 non
1219 2704 1306 2731 sum
1345 2704 1395 2730 ne

1006 2758 1100 2797 ergo
1119 2746 1310 2797 propheta
1328 2758 1370 2785 es
1389 2752 1431 2785 tu

1006 2807 1043 2839 et
1062 2800 1262 2850 respondit
1280 2812 1360 2839 non

1007 2853 1037 2876 ²²
1047 2854 1094 2892 Et
1113 2855 1292 2893 dixerunt
1311 2855 1347 2893 ei
1365 2854 1427 2894 dic

1007 2921 1102 2959 ergo
1121 2909 1235 2947 nobis
1255 2909 1341 2959 quis
1359 2921 1402 2948 es

1007 2968 1049 3000 ut
1068 2974 1298 3013 responsum
1318 2963 1456 3002 demus

1574 303 1657 333 Fol.
1674 303 1735 334 44.

1574 344 1650 383 His
1669 346 1735 396 qui
1753 345 1939 385 miserunt
1958 358 2031 385 nos

1573 399 1666 449 quid
1686 400 1780 438 dicis
1800 400 1848 438 de
1867 406 1905 438 te
1924 401 2010 450 ipso

1627 451 1715 492 ²³ait
1734 465 1808 503 ego
1828 466 1906 491 uox
1926 455 1985 493 cla

1627 508 1771 546 mantis
1790 507 1830 545 in
1850 508 1962 546 deser

1626 567 1667 599 to
1685 568 1817 612 parate
1835 562 1941 599 uiam

1626 615 1694 654 dni
1714 616 1814 654 sicut
1833 615 1927 653 dixit

1627 669 1748 708 eseias
1768 669 1918 720 profeta

1571 722 1659 762 24Εῐ
1682 723 1747 774 qui
1765 723 1874 762 missi
1894 723 2044 761 fuerant

1571 789 1620 815 ex
1641 777 1851 828 pharisaeis
1870 778 1899 799 ²⁵
1907 784 1944 816 et
1963 777 2003 815 in

1571 837 1863 881 terrogauerunt
1881 838 1957 869 eu-

1571 884 1743 924 dicentes
1762 885 1857 936 quid
1877 897 1971 935 ergo

1571 939 1716 978 batizas
1737 939 1768 978 si
1787 947 1829 978 tu
1849 952 1929 979 non
1948 951 1991 978 es

1573 997 1647 1043 xps
1667 1005 1794 1044 neque
1815 994 1936 1032 helias

1572 1059 1700 1098 neque
1720 1047 1910 1098 propheta

1573 1111 1593 1139 Ι
1609 1099 1848 1152 26Κεφοηαίἵ
1863 1103 1915 1140 eis
1933 1102 2045 1139 z‘ohan

1574 1168 1643 1194 nes
1664 1156 1796 1194 dicens
1817 1167 1891 1206 ego
1911 1155 2058 1206 quide-

1572 1222 1645 1248 uos
1665 1210 1818 1260 baptizo
1838 1211 1877 1248 in
1896 1222 1999 1260 aqua

1573 1263 1723 1302 medius
1741 1270 1869 1302 autem
1888 1276 1957 1302 ues

1574 1324 1676 1356 trum
1696 1324 1754 1356 sta
1774 1330 1891 1368 quem
1910 1330 1982 1356 uos

1575 1383 1655 1411 non
1675 1372 1778 1410 scitis
1798 1371 1915 1422 ²⁷ipse
1934 1378 1991 1410 est
2011 1371 2058 1410 de

1575 1437 1654 1476 quo
1674 1426 1851 1464 dicebam
1874 1438 1953 1476 quo

1574 1481 1679 1518 niam
1698 1486 1785 1530 post
1803 1492 1867 1518 me
1886 1480 1994 1518 uenit

1572 1535 1631 1572 uir
1649 1535 1715 1583 qui
1734 1540 1823 1572 ante
1842 1546 1905 1572 me
1925 1534 1985 1572 fac

1572 1594 1634 1627 tus
1653 1594 1711 1627 est
1731 1588 1840 1627 cuius
1860 1600 1935 1638 ego
1954 1592 2040 1627 no-

1574 1718 1669 1758 Sum
1689 1718 1830 1769 dignus
1849 1724 1890 1756 ut
1910 1718 1969 1758 sol

1571 1785 1663 1812 uam
1682 1772 1889 1822 corrigiam

1573 1827 1814 1866 calciamenti

1572 1881 1600 1903 ²⁸
1609 1880 1721 1920 Haec
1744 1882 1784 1919 in
1807 1881 1988 1920 bethania
2007 1893 2078 1931 ges

1573 1942 1611 1975 ta
1630 1940 1718 1974 sunt
1737 1942 1843 1974 trans
1862 1935 1920 1973 ior

1573 1990 1730 2029 dannen
1749 1989 1816 2027 ubi
1835 1996 1917 2028 erat

1573 2044 1789 2083 iohannens
1807 2044 1914 2094 bapti

1573 2109 1666 2136 zans

1574 2162 1612 2190 ΙΙ
1627 2151 1797 2190 ”Altera
1817 2152 1874 2190 die
1892 2152 1992 2190 uidet
2011 2152 2046 2190 2’0

1573 2206 1722 2245 hannes
1741 2205 1822 2244 ihm
1840 2206 1931 2244 ueni

1573 2267 1703 2299 entem
1721 2260 1772 2299 ad
1791 2271 1832 2298 se
1869 2266 1907 2299 et
1927 2259 1978 2298 ait

1574 2327 1664 2353 ecce
1683 2326 1806 2364 agnus
1826 2313 1867 2352 di
1885 2326 1977 2353 ecce

1575 2368 1641 2419 qui
1661 2368 1758 2407 tollit
1775 2373 1971 2418 peccatu-

1574 2422 1751 2460 mur'nndi
1770 2421 1866 2460 ³⁰hic
1885 2428 1943 2460 est
1962 2421 2010 2461 de

1576 2488 1654 2527 quo
1672 2488 1748 2525 ego
1769 2475 1848 2514 dixi
1867 2483 1957 2526 post

1575 2542 1637 2569 me
1656 2530 1762 2568 uenit
1779 2530 1836 2568 uir
1855 2530 1921 2580 qui
1940 2542 1991 2568 an

1575 2590 1612 2623 te
1632 2596 1695 2622 me
1715 2583 1840 2622 factus
1858 2591 1917 2622 est
1935 2584 2026 2634 quia

1575 2638 1680 2689 prior
1699 2650 1762 2676 me
1781 2644 1863 2676 erat
1882 2637 1909 2660 ³¹
1917 2645 1954 2677 et
1972 2650 2048 2689 ego

1577 2704 1657 2731 non
1676 2692 1846 2731 sciebam
1864 2704 1956 2731 eum

1577 2746 1646 2785 sed
1664 2753 1708 2785 ut
1726 2745 1929 2785 manifesta

1576 2807 1678 2840 retur
1697 2799 1799 2851 plebi
1818 2800 1955 2839 israhel

1577 2861 1780 2905 propterea
1798 2855 1888 2893 ueni
1906 2867 1982 2904 ego

1577 2909 1617 2947 in
1635 2921 1737 2960 aqua
1755 2909 1954 2959 baptizans

1577 2962 1664 3002 ”Et
1683 2963 1945 3002 testimonium
1965 2975 2014 3015 pe

2445 215 2489 271 [1.
2514 234 2613 265 1-40.

2110 345 2269 385 Rhibuit
2288 347 2476 408 iohannes

2303 411 2314 432 1

2110 442 2242 482 dicens
2261 457 2340 495 qua
2358 445 2451 484 uidit

2109 500 2197 547 sprn
2217 498 2502 538 descendente*

2112 552 2222 601 quasi
2241 552 2462 592 columbam

2112 604 2161 643 de
2182 605 2265 644 celo
2285 614 2323 645 et
2342 609 2485 647 mansit

2110 669 2227 707 super
2250 672 2341 698 eum

2111 712 2195 750 ³³Et
2214 725 2289 762 ego
2309 726 2390 752 non
2409 715 2578 754 sciebam

2110 778 2200 804 eum
2220 767 2288 805 sed
2309 768 2375 818 qui
2394 769 2496 807 misit

2109 831 2174 858 me
2193 821 2386 871 baptizare
2405 822 2444 860 in
2464 835 2487 861 a

2109 885 2187 924 qua
2205 874 2266 913 ille
2286 875 2379 913 mihi
2399 876 2495 915 dixit

2111 939 2227 978 super
2246 941 2362 979 quem
2382 930 2524 968 uideris

2110 985 2199 1031 spm
2218 982 2504 1022 descendente*

2110 1036 2159 1074 de
2179 1037 2287 1076 caelo
2306 1043 2343 1076 et
2363 1045 2510 1077 mane*

2110 1097 2189 1128 tem
2209 1102 2324 1142 super
2343 1104 2433 1130 eum
2452 1091 2514 1130 hic

2112 1151 2169 1183 est
2189 1146 2256 1195 qui
2275 1146 2446 1195 baptizat
2464 1146 2504 1184 in

2112 1201 2196 1248 siju·
2220 1204 2299 1238 sco·
2319 1201 2391 1238 ³⁴et
2410 1212 2485 1250 ego
2503 1200 2584 1238 uidi

2111 1259 2149 1290 et
2167 1254 2430 1292 testimonium
2450 1266 2499 1304 pe

2111 1305 2236 1345 rhibui
2255 1308 2346 1357 quia
2365 1308 2426 1346 hic
2446 1314 2503 1346 est

2110 1360 2254 1400 electus
2273 1361 2314 1401 di

2110 1413 2279 1453 ³⁵A1tera
2298 1415 2360 1454 die
2379 1415 2517 1454 iterum
2536 1422 2596 1455 sta

2110 1468 2177 1506 bat
2195 1469 2380 1508 iohannes
2399 1476 2437 1508 et
2455 1483 2504 1508 ex

2112 1522 2292 1573 discipilis
2310 1524 2392 1562 eius
2413 1523 2491 1562 duo

2111 1575 2183 1615 ⁸⁶et
2202 1577 2410 1627 respiciens
2429 1578 2510 1616 ihm

2112 1631 2377 1669 ambulantem
2396 1631 2493 1670 dixit

2111 1719 2216 1758 Ecce
2236 1731 2360 1769 agnus
2379 1718 2420 1757 di
2441 1731 2533 1758 ecce

2112 1774 2179 1824 qui
2199 1774 2295 1812 tollit
2314 1780 2515 1824 peccatum

2112 1828 2248 1866 mundi

2110 1882 2198 1920 ⁸⁷Et
2217 1881 2419 1920 audierunt
2433 1894 2524 1921 eum

2112 1936 2190 1975 duo
2210 1935 2386 1986 discipuli
2405 1936 2488 1974 eius

2111 1990 2337 2041 loquentem
2357 1995 2395 2028 et
2416 2001 2509 2029 secu

2112 2044 2140 2082 ti
2160 2051 2248 2082 sunt
2266 2044 2347 2081 ihm

2112 2108 2169 2136 ΙΙΙ
2177 2098 2205 2120 ³⁸
2211 2097 2421 2137 Conuersus
2428 2101 2544 2136 autem
2554 2097 2615 2135 ihs

2111 2160 2149 2191 et
2168 2152 2305 2191 uidens
2323 2164 2390 2190 eos
2409 2159 2561 2202 seque-

2110 2213 2169 2245 tes
2188 2219 2229 2246 se
2250 2206 2342 2245 dixit
2360 2207 2416 2245 eis
2435 2206 2529 2257 quid

2112 2261 2295 2311 quaeritis

2111 2314 2191 2362 Qui
2210 2314 2407 2353 deixerunt
2427 2313 2461 2352 ei
2481 2314 2551 2352 rab

2110 2369 2150 2407 bi
2169 2369 2275 2419 quod
2294 2368 2429 2407 dicitur
2448 2368 2488 2406 in

2109 2428 2385 2472 terpraetatum
2403 2434 2470 2460 ma

2108 2477 2225 2526 gister
2243 2477 2308 2515 ubi
2327 2488 2461 2515 manes

2109 2530 2248 2569 ”Dicit
2266 2531 2321 2570 eis
2339 2530 2398 2569 ihs
2417 2529 2542 2569 uenite
2563 2536 2602 2568 et

2109 2584 2237 2624 uidete
2425 2591 2616 2623 uenerunt

2110 2645 2149 2678 et
2166 2639 2344 2677 uiderunt
2362 2638 2429 2677 ubi
2448 2650 2514 2677 ma

2112 2700 2221 2732 neret
2239 2699 2277 2731 et
2295 2700 2390 2743 aput
2409 2704 2499 2731 eum

2110 2753 2339 2785 manserunt
2358 2746 2421 2784 die
2440 2746 2505 2783 illo

2111 2800 2208 2840 hora
2227 2807 2356 2839 autem
2375 2805 2457 2838 erat
2476 2810 2555 2849 qua

2111 2855 2143 2893 si
2163 2854 2312 2893 decirna

2108 2908 2236 2946 ⁴⁰Erat
2253 2913 2383 2946 autem
2402 2906 2566 2945 andreas

2107 2962 2222 3001 frater
2240 2961 2399 3001 simonis
2415 2961 2511 3011 petri
