<?xml version="1.0" encoding="UTF-8"?>
<!DOCTYPE html PUBLIC "-//W3C//DTD XHTML 1.0 Transitional//EN"
    "http://www.w3.org/TR/xhtml1/DTD/xhtml1-transitional.dtd">
<html xmlns="http://www.w3.org/1999/xhtml" xml:lang="en" lang="en">
 <head>
  <title>
</title>
<meta http-equiv="Content-Type" content="text/html;charset=utf-8" />
  <meta name='ocr-system' content='tesseract 3.04.00' />
  <meta name='ocr-capabilities' content='ocr_page ocr_carea ocr_par ocr_line ocrx_word'/>
</head>
<body>
  <div class='ocr_page' id='page_1' title='image "./fourgospelsfromc00bibluoft_0037.png"; bbox 0 0 2866 3346; ppageno 0'>
   <div class='ocr_carea' id='block_1_1' title="bbox 517 224 1076 265">
    <p class='ocr_par' dir='ltr' id='par_1_1' title="bbox 517 224 1076 265">
     <span class='ocr_line' id='line_1_1' title="bbox 517 224 1076 265; baseline 0.002 -1"><span class='ocrx_word' id='word_1_1' title='bbox 517 225 633 264; x_wconf 78' lang='lat' dir='ltr'>EUA</span> <span class='ocrx_word' id='word_1_2' title='bbox 641 224 930 264; x_wconf 80' lang='lat' dir='ltr'><strong><em>NGELIUM</em></strong></span> <span class='ocrx_word' id='word_1_3' title='bbox 965 224 1076 265; x_wconf 83' lang='lat' dir='ltr'>SEC</span> 
     </span>
    </p>
   </div>
   <div class='ocr_carea' id='block_1_2' title="bbox 270 313 690 395">
    <p class='ocr_par' dir='ltr' id='par_1_2' title="bbox 270 313 690 395">
     <span class='ocr_line' id='line_1_2' title="bbox 270 313 425 345; baseline 0 -1"><span class='ocrx_word' id='word_1_4' title='bbox 270 313 353 344; x_wconf 68' lang='lat' dir='ltr'>Fol.</span> <span class='ocrx_word' id='word_1_5' title='bbox 370 315 425 345; x_wconf 84' lang='lat'>41.</span> 
     </span>
     <span class='ocr_line' id='line_1_3' title="bbox 271 356 690 395; baseline -0.005 0"><span class='ocrx_word' id='word_1_6' title='bbox 271 368 291 395; x_wconf 91' lang='grc' dir='ltr'><strong><em>Ι</em></strong></span> <span class='ocrx_word' id='word_1_7' title='bbox 303 356 487 395; x_wconf 77' lang='lat' dir='ltr'>Iohannes</span> <span class='ocrx_word' id='word_1_8' title='bbox 507 358 690 395; x_wconf 74' lang='lat' dir='ltr'>testimoni</span> 
     </span>
    </p>
   </div>
   <div class='ocr_carea' id='block_1_3' title="bbox 268 410 773 1766">
    <p class='ocr_par' dir='ltr' id='par_1_3' title="bbox 268 410 773 1766">
     <span class='ocr_line' id='line_1_4' title="bbox 271 410 757 461; baseline 0 -13"><span class='ocrx_word' id='word_1_9' title='bbox 271 423 337 448; x_wconf 91' lang='lat' dir='ltr'>um</span> <span class='ocrx_word' id='word_1_10' title='bbox 358 411 532 461; x_wconf 83' lang='lat' dir='ltr'><strong>perhibet</strong></span> <span class='ocrx_word' id='word_1_11' title='bbox 552 412 599 450; x_wconf 91' lang='lat' dir='ltr'>de</span> <span class='ocrx_word' id='word_1_12' title='bbox 618 415 699 460; x_wconf 70' lang='lat' dir='ltr'>xpo</span> <span class='ocrx_word' id='word_1_13' title='bbox 719 410 757 448; x_wconf 90' lang='lat' dir='ltr'>di</span> 
     </span>
     <span class='ocr_line' id='line_1_5' title="bbox 270 466 731 515; baseline 0 -12"><span class='ocrx_word' id='word_1_14' title='bbox 270 477 363 503; x_wconf 90' lang='lat' dir='ltr'>cens</span> <span class='ocrx_word' id='word_1_15' title='bbox 383 478 463 503; x_wconf 92' lang='lat' dir='ltr'>non</span> <span class='ocrx_word' id='word_1_16' title='bbox 484 478 570 504; x_wconf 87' lang='lat' dir='ltr'>sum</span> <span class='ocrx_word' id='word_1_17' title='bbox 592 466 731 515; x_wconf 89' lang='lat' dir='ltr'>dignus</span> 
     </span>
     <span class='ocr_line' id='line_1_6' title="bbox 269 520 690 570; baseline 0.002 -14"><span class='ocrx_word' id='word_1_18' title='bbox 269 520 432 570; x_wconf 85' lang='lat' dir='ltr'>corrigia</span> <span class='ocrx_word' id='word_1_19' title='bbox 450 520 690 558; x_wconf 81' lang='lat' dir='ltr'>calciamenti</span> 
     </span>
     <span class='ocr_line' id='line_1_7' title="bbox 270 573 523 612; baseline 0.008 -2"><span class='ocrx_word' id='word_1_20' title='bbox 270 573 352 611; x_wconf 92' lang='lat' dir='ltr'>eius</span> <span class='ocrx_word' id='word_1_21' title='bbox 374 573 523 612; x_wconf 87' lang='lat' dir='ltr'>soluere</span> 
     </span>
     <span class='ocr_line' id='line_1_8' title="bbox 271 627 773 667; baseline 0.006 -4"><span class='ocrx_word' id='word_1_22' title='bbox 271 637 310 664; x_wconf 92' lang='lat' dir='ltr'>II</span> <span class='ocrx_word' id='word_1_23' title='bbox 324 627 467 666; x_wconf 79' lang='lat' dir='ltr'>Iterum</span> <span class='ocrx_word' id='word_1_24' title='bbox 488 629 662 667; x_wconf 77' lang='lat' dir='ltr'>iohannes</span> <span class='ocrx_word' id='word_1_25' title='bbox 680 630 773 666; x_wconf 75' lang='lat' dir='ltr'>dicet</span> 
     </span>
     <span class='ocr_line' id='line_1_9' title="bbox 269 683 771 733; baseline 0.002 -13"><span class='ocrx_word' id='word_1_26' title='bbox 269 694 363 720; x_wconf 88' lang='lat' dir='ltr'>ecce</span> <span class='ocrx_word' id='word_1_27' title='bbox 382 695 508 733; x_wconf 86' lang='lat' dir='ltr'>agnus</span> <span class='ocrx_word' id='word_1_28' title='bbox 527 683 567 721; x_wconf 72' lang='lat' dir='ltr'>di</span> <span class='ocrx_word' id='word_1_29' title='bbox 587 684 654 733; x_wconf 90' lang='lat' dir='ltr'>qui</span> <span class='ocrx_word' id='word_1_30' title='bbox 674 684 771 721; x_wconf 90' lang='lat' dir='ltr'>tollit</span> 
     </span>
     <span class='ocr_line' id='line_1_10' title="bbox 269 738 626 786; baseline 0.003 -12"><span class='ocrx_word' id='word_1_31' title='bbox 269 744 470 786; x_wconf 90' lang='lat' dir='ltr'>peccatum</span> <span class='ocrx_word' id='word_1_32' title='bbox 490 738 626 775; x_wconf 87' lang='lat' dir='ltr'>mundi</span> 
     </span>
     <span class='ocr_line' id='line_1_11' title="bbox 271 792 748 830; baseline 0.004 -3"><span class='ocrx_word' id='word_1_33' title='bbox 271 799 329 827; x_wconf 89' lang='lat' dir='ltr'>III</span> <span class='ocrx_word' id='word_1_34' title='bbox 344 792 406 829; x_wconf 83' lang='lat' dir='ltr'>Et</span> <span class='ocrx_word' id='word_1_35' title='bbox 421 793 578 830; x_wconf 77' lang='lat' dir='ltr'><em>ostendit</em></span> <span class='ocrx_word' id='word_1_36' title='bbox 595 793 654 830; x_wconf 61' lang='lat' dir='ltr'>jhs</span> <span class='ocrx_word' id='word_1_37' title='bbox 673 793 748 829; x_wconf 69' lang='lat' dir='ltr'>dis-</span> 
     </span>
     <span class='ocr_line' id='line_1_12' title="bbox 618 844 771 899; baseline 0.007 -16"><span class='ocrx_word' id='word_1_38' title='bbox 618 844 771 899; x_wconf 64' lang='lat' dir='ltr'>[apulis</span> 
     </span>
     <span class='ocr_line' id='line_1_13' title="bbox 272 899 742 939; baseline 0.006 -3"><span class='ocrx_word' id='word_1_39' title='bbox 272 900 350 937; x_wconf 88' lang='lat' dir='ltr'>suis</span> <span class='ocrx_word' id='word_1_40' title='bbox 370 899 436 937; x_wconf 91' lang='lat' dir='ltr'>ubi</span> <span class='ocrx_word' id='word_1_41' title='bbox 456 909 628 939; x_wconf 88' lang='lat' dir='ltr'>maneret</span> <span class='ocrx_word' id='word_1_42' title='bbox 648 908 684 939; x_wconf 89' lang='lat' dir='ltr'>et</span> <span class='ocrx_word' id='word_1_43' title='bbox 703 913 742 939; x_wconf 88' lang='lat' dir='ltr'>se</span> 
     </span>
     <span class='ocr_line' id='line_1_14' title="bbox 271 954 564 993; baseline 0.01 -3"><span class='ocrx_word' id='word_1_44' title='bbox 271 954 347 991; x_wconf 91' lang='lat' dir='ltr'>cuti</span> <span class='ocrx_word' id='word_1_45' title='bbox 368 962 456 993; x_wconf 91' lang='lat' dir='ltr'>sunt</span> <span class='ocrx_word' id='word_1_46' title='bbox 475 967 564 992; x_wconf 86' lang='lat' dir='ltr'>eum</span> 
     </span>
     <span class='ocr_line' id='line_1_15' title="bbox 271 1008 698 1059; baseline 0.007 -15"><span class='ocrx_word' id='word_1_47' title='bbox 271 1017 347 1044; x_wconf 89' lang='lat' dir='ltr'><strong><em>IIII</em></strong></span> <span class='ocrx_word' id='word_1_48' title='bbox 370 1008 446 1046; x_wconf 69' lang='lat' dir='ltr'>Ubi</span> <span class='ocrx_word' id='word_1_49' title='bbox 461 1009 520 1047; x_wconf 61' lang='lat' dir='ltr'>ihs</span> <span class='ocrx_word' id='word_1_50' title='bbox 539 1010 581 1047; x_wconf 85' lang='lat' dir='ltr'>de</span> <span class='ocrx_word' id='word_1_51' title='bbox 599 1022 698 1059; x_wconf 80' lang='lat' dir='ltr'>aqua</span> 
     </span>
     <span class='ocr_line' id='line_1_16' title="bbox 621 1062 771 1116; baseline 0.013 -16"><span class='ocrx_word' id='word_1_52' title='bbox 621 1062 771 1116; x_wconf 77' lang='lat' dir='ltr'><em>[uinum</em></span> 
     </span>
     <span class='ocr_line' id='line_1_17' title="bbox 270 1116 713 1168; baseline 0.007 -15"><span class='ocrx_word' id='word_1_53' title='bbox 270 1116 358 1154; x_wconf 89' lang='lat' dir='ltr'>fecit</span> <span class='ocrx_word' id='word_1_54' title='bbox 376 1116 415 1154; x_wconf 94' lang='lat' dir='ltr'>in</span> <span class='ocrx_word' id='word_1_55' title='bbox 435 1116 558 1155; x_wconf 86' lang='lat' dir='ltr'>chana</span> <span class='ocrx_word' id='word_1_56' title='bbox 577 1119 713 1168; x_wconf 88' lang='lat' dir='ltr'>galilae</span> 
     </span>
     <span class='ocr_line' id='line_1_18' title="bbox 270 1183 316 1208; baseline 0 0"><span class='ocrx_word' id='word_1_57' title='bbox 270 1183 316 1208; x_wconf 89' lang='lat' dir='ltr'>ae</span> 
     </span>
     <span class='ocr_line' id='line_1_19' title="bbox 274 1223 756 1276; baseline 0.006 -15"><span class='ocrx_word' id='word_1_58' title='bbox 274 1234 297 1261; x_wconf 82' lang='grc' dir='ltr'><em>υ</em></span> <span class='ocrx_word' id='word_1_59' title='bbox 307 1223 365 1261; x_wconf 81' lang='lat' dir='ltr'>El</span> <span class='ocrx_word' id='word_1_60' title='bbox 379 1226 481 1262; x_wconf 76' lang='lat' dir='ltr'>eiecit</span> <span class='ocrx_word' id='word_1_61' title='bbox 496 1225 555 1263; x_wconf 68' lang='lat' dir='ltr'>ihs</span> <span class='ocrx_word' id='word_1_62' title='bbox 575 1226 615 1263; x_wconf 82' lang='lat' dir='ltr'>de</span> <span class='ocrx_word' id='word_1_63' title='bbox 629 1228 756 1276; x_wconf 81' lang='lat' dir='ltr'>templo</span> 
     </span>
     <span class='ocr_line' id='line_1_20' title="bbox 270 1280 692 1319; baseline 0.005 -2"><span class='ocrx_word' id='word_1_64' title='bbox 270 1290 407 1317; x_wconf 83' lang='lat' dir='ltr'>omnes</span> <span class='ocrx_word' id='word_1_65' title='bbox 427 1280 631 1318; x_wconf 88' lang='lat' dir='ltr'>uindentes</span> <span class='ocrx_word' id='word_1_66' title='bbox 655 1287 692 1319; x_wconf 91' lang='lat' dir='ltr'>et</span> 
     </span>
     <span class='ocr_line' id='line_1_21' title="bbox 270 1333 669 1373; baseline 0.008 -3"><span class='ocrx_word' id='word_1_67' title='bbox 270 1333 366 1371; x_wconf 83' lang='lat' dir='ltr'>dixit</span> <span class='ocrx_word' id='word_1_68' title='bbox 387 1333 526 1372; x_wconf 89' lang='lat' dir='ltr'>domus</span> <span class='ocrx_word' id='word_1_69' title='bbox 546 1336 669 1373; x_wconf 88' lang='lat' dir='ltr'>oratio</span> 
     </span>
     <span class='ocr_line' id='line_1_22' title="bbox 269 1387 704 1440; baseline 0.005 -16"><span class='ocrx_word' id='word_1_70' title='bbox 269 1387 329 1426; x_wconf 89' lang='lat' dir='ltr'>nis</span> <span class='ocrx_word' id='word_1_71' title='bbox 349 1395 406 1426; x_wconf 88' lang='lat' dir='ltr'>est</span> <span class='ocrx_word' id='word_1_72' title='bbox 426 1388 565 1428; x_wconf 88' lang='lat' dir='ltr'>domus</span> <span class='ocrx_word' id='word_1_73' title='bbox 585 1390 704 1440; x_wconf 88' lang='lat' dir='ltr'>patris</span> 
     </span>
     <span class='ocr_line' id='line_1_23' title="bbox 268 1442 773 1496; baseline 0.006 -17"><span class='ocrx_word' id='word_1_74' title='bbox 268 1442 344 1480; x_wconf 88' lang='lat' dir='ltr'>mei</span> <span class='ocrx_word' id='word_1_75' title='bbox 650 1442 773 1496; x_wconf 74' lang='lat' dir='ltr'>[dixit</span> 
     </span>
     <span class='ocr_line' id='line_1_24' title="bbox 273 1497 718 1547; baseline 0.009 -15"><span class='ocrx_word' id='word_1_76' title='bbox 273 1506 314 1533; x_wconf 78' lang='grc' dir='ltr'>ω</span> <span class='ocrx_word' id='word_1_77' title='bbox 337 1497 413 1534; x_wconf 76' lang='lat' dir='ltr'>Ubi</span> <span class='ocrx_word' id='word_1_78' title='bbox 427 1497 591 1547; x_wconf 76' lang='lat' dir='ltr'>baptizat</span> <span class='ocrx_word' id='word_1_79' title='bbox 608 1499 667 1536; x_wconf 67' lang='lat' dir='ltr'>ihs</span> <span class='ocrx_word' id='word_1_80' title='bbox 685 1504 718 1536; x_wconf 83' lang='lat' dir='ltr'>et</span> 
     </span>
     <span class='ocr_line' id='line_1_25' title="bbox 268 1551 768 1602; baseline 0.006 -14"><span class='ocrx_word' id='word_1_81' title='bbox 268 1551 446 1589; x_wconf 89' lang='lat' dir='ltr'>iohannis</span> <span class='ocrx_word' id='word_1_82' title='bbox 467 1552 663 1602; x_wconf 88' lang='lat' dir='ltr'>discipulis</span> <span class='ocrx_word' id='word_1_83' title='bbox 690 1554 768 1592; x_wconf 90' lang='lat' dir='ltr'>suis</span> 
     </span>
     <span class='ocr_line' id='line_1_26' title="bbox 269 1605 769 1660; baseline 0.004 -16"><span class='ocrx_word' id='word_1_84' title='bbox 269 1618 343 1654; x_wconf 89' lang='lat' dir='ltr'>ego</span> <span class='ocrx_word' id='word_1_85' title='bbox 363 1618 443 1643; x_wconf 92' lang='lat' dir='ltr'>non</span> <span class='ocrx_word' id='word_1_86' title='bbox 460 1613 549 1644; x_wconf 86' lang='lat' dir='ltr'>sunt</span> <span class='ocrx_word' id='word_1_87' title='bbox 569 1611 642 1656; x_wconf 71' lang='lat' dir='ltr'>xps</span> <span class='ocrx_word' id='word_1_88' title='bbox 690 1605 769 1660; x_wconf 83' lang='lat' dir='ltr'>[lus</span> 
     </span>
     <span class='ocr_line' id='line_1_27' title="bbox 274 1659 768 1711; baseline 0.008 -15"><span class='ocrx_word' id='word_1_89' title='bbox 274 1670 331 1696; x_wconf 83' lang='lat' dir='ltr'>UII</span> <span class='ocrx_word' id='word_1_90' title='bbox 354 1659 432 1706; x_wconf 80' lang='lat' dir='ltr'>Qui</span> <span class='ocrx_word' id='word_1_91' title='bbox 443 1673 514 1698; x_wconf 86' lang='lat' dir='ltr'>non</span> <span class='ocrx_word' id='word_1_92' title='bbox 518 1662 651 1711; x_wconf 78' lang='lat' dir='ltr'>suerit</span> <span class='ocrx_word' id='word_1_93' title='bbox 660 1675 768 1700; x_wconf 79' lang='lat' dir='ltr'>rena-</span> 
     </span>
     <span class='ocr_line' id='line_1_28' title="bbox 269 1713 738 1766; baseline 0.009 -15"><span class='ocrx_word' id='word_1_94' title='bbox 269 1713 399 1752; x_wconf 93' lang='lat' dir='ltr'>denuo</span> <span class='ocrx_word' id='word_1_95' title='bbox 419 1728 468 1753; x_wconf 88' lang='lat' dir='ltr'>ex</span> <span class='ocrx_word' id='word_1_96' title='bbox 488 1728 590 1766; x_wconf 87' lang='lat' dir='ltr'>aqua</span> <span class='ocrx_word' id='word_1_97' title='bbox 610 1722 647 1754; x_wconf 90' lang='lat' dir='ltr'>et</span> <span class='ocrx_word' id='word_1_98' title='bbox 667 1720 738 1766; x_wconf 73' lang='lat' dir='ltr'>spu</span> 
     </span>
    </p>
   </div>
   <div class='ocr_carea' id='block_1_4' title="bbox 268 1801 773 3105">
    <p class='ocr_par' dir='ltr' id='par_1_4' title="bbox 272 1801 691 1842">
     <span class='ocr_line' id='line_1_29' title="bbox 272 1801 691 1842; baseline 0.005 -3"><span class='ocrx_word' id='word_1_99' title='bbox 272 1801 417 1840; x_wconf 90' lang='lat' dir='ltr'>Sancto</span> <span class='ocrx_word' id='word_1_100' title='bbox 436 1815 516 1841; x_wconf 91' lang='lat' dir='ltr'>non</span> <span class='ocrx_word' id='word_1_101' title='bbox 537 1803 691 1842; x_wconf 85' lang='lat' dir='ltr'>intrauit</span> 
     </span>
    </p>

    <p class='ocr_par' dir='ltr' id='par_1_5' title="bbox 268 1856 769 2180">
     <span class='ocr_line' id='line_1_30' title="bbox 268 1856 767 1910; baseline 0.006 -16"><span class='ocrx_word' id='word_1_102' title='bbox 268 1856 308 1894; x_wconf 93' lang='lat' dir='ltr'>in</span> <span class='ocrx_word' id='word_1_103' title='bbox 328 1869 490 1906; x_wconf 85' lang='lat' dir='ltr'>regnum</span> <span class='ocrx_word' id='word_1_104' title='bbox 510 1858 552 1896; x_wconf 78' lang='lat' dir='ltr'>di</span> <span class='ocrx_word' id='word_1_105' title='bbox 641 1856 767 1910; x_wconf 77' lang='lat' dir='ltr'>[iudea</span> 
     </span>
     <span class='ocr_line' id='line_1_31' title="bbox 273 1911 725 1951; baseline 0.009 -4"><span class='ocrx_word' id='word_1_106' title='bbox 273 1920 350 1948; x_wconf 82' lang='lat' dir='ltr'><strong><em>UIII</em></strong></span> <span class='ocrx_word' id='word_1_107' title='bbox 373 1911 449 1950; x_wconf 75' lang='lat' dir='ltr'>Ubi</span> <span class='ocrx_word' id='word_1_108' title='bbox 463 1914 609 1951; x_wconf 71' lang='lat' dir='ltr'>secessit</span> <span class='ocrx_word' id='word_1_109' title='bbox 624 1913 682 1951; x_wconf 64' lang='lat' dir='ltr'>ihs</span> <span class='ocrx_word' id='word_1_110' title='bbox 702 1927 725 1951; x_wconf 84' lang='grc' dir='ltr'><em>α</em></span> 
     </span>
     <span class='ocr_line' id='line_1_32' title="bbox 269 1966 716 2006; baseline 0.007 -4"><span class='ocrx_word' id='word_1_111' title='bbox 269 1972 306 2003; x_wconf 90' lang='lat' dir='ltr'>et</span> <span class='ocrx_word' id='word_1_112' title='bbox 326 1966 431 2003; x_wconf 90' lang='lat' dir='ltr'>uenit</span> <span class='ocrx_word' id='word_1_113' title='bbox 452 1966 491 2004; x_wconf 89' lang='lat' dir='ltr'>in</span> <span class='ocrx_word' id='word_1_114' title='bbox 512 1968 716 2006; x_wconf 89' lang='lat' dir='ltr'>samariam</span> 
     </span>
     <span class='ocr_line' id='line_1_33' title="bbox 273 2019 769 2072; baseline 0.01 -17"><span class='ocrx_word' id='word_1_115' title='bbox 273 2019 769 2072; x_wconf 69' lang='lat' dir='ltr'>UIIIISedenssuperputeu-</span> 
     </span>
     <span class='ocr_line' id='line_1_34' title="bbox 268 2075 638 2114; baseline 0.005 -2"><span class='ocrx_word' id='word_1_116' title='bbox 268 2075 468 2113; x_wconf 89' lang='lat' dir='ltr'>mulierem</span> <span class='ocrx_word' id='word_1_117' title='bbox 489 2088 638 2114; x_wconf 87' lang='lat' dir='ltr'>samma</span> 
     </span>
     <span class='ocr_line' id='line_1_35' title="bbox 268 2129 686 2180; baseline 0.007 -14"><span class='ocrx_word' id='word_1_118' title='bbox 268 2129 422 2167; x_wconf 89' lang='lat' dir='ltr'>ritinam</span> <span class='ocrx_word' id='word_1_119' title='bbox 441 2131 535 2180; x_wconf 90' lang='lat' dir='ltr'>petit</span> <span class='ocrx_word' id='word_1_120' title='bbox 556 2131 686 2169; x_wconf 86' lang='lat' dir='ltr'>bibere</span> 
     </span>
    </p>

    <p class='ocr_par' dir='ltr' id='par_1_6' title="bbox 269 2184 768 2385">
     <span class='ocr_line' id='line_1_36' title="bbox 269 2184 730 2236; baseline 0.002 -14"><span class='ocrx_word' id='word_1_121' title='bbox 269 2190 306 2222; x_wconf 86' lang='lat' dir='ltr'>et</span> <span class='ocrx_word' id='word_1_122' title='bbox 327 2184 417 2222; x_wconf 90' lang='lat' dir='ltr'>dicit</span> <span class='ocrx_word' id='word_1_123' title='bbox 436 2185 632 2236; x_wconf 84' lang='lat' dir='ltr'>discipulis</span> <span class='ocrx_word' id='word_1_124' title='bbox 654 2186 730 2224; x_wconf 89' lang='lat' dir='ltr'>suis</span> 
     </span>
     <span class='ocr_line' id='line_1_37' title="bbox 269 2237 680 2278; baseline 0.005 -2"><span class='ocrx_word' id='word_1_125' title='bbox 269 2237 330 2276; x_wconf 88' lang='lat' dir='ltr'>alii</span> <span class='ocrx_word' id='word_1_126' title='bbox 351 2238 623 2278; x_wconf 88' lang='lat' dir='ltr'>laborauerunt</span> <span class='ocrx_word' id='word_1_127' title='bbox 643 2246 680 2278; x_wconf 88' lang='lat' dir='ltr'>et</span> 
     </span>
     <span class='ocr_line' id='line_1_38' title="bbox 271 2293 768 2345; baseline 0.006 -16"><span class='ocrx_word' id='word_1_128' title='bbox 271 2304 343 2330; x_wconf 90' lang='lat' dir='ltr'>uos</span> <span class='ocrx_word' id='word_1_129' title='bbox 363 2293 402 2330; x_wconf 90' lang='lat' dir='ltr'>in</span> <span class='ocrx_word' id='word_1_130' title='bbox 422 2294 574 2333; x_wconf 87' lang='lat' dir='ltr'>labores</span> <span class='ocrx_word' id='word_1_131' title='bbox 594 2295 768 2345; x_wconf 89' lang='lat' dir='ltr'>ipsorum</span> 
     </span>
     <span class='ocr_line' id='line_1_39' title="bbox 269 2347 450 2385; baseline 0.006 -1"><span class='ocrx_word' id='word_1_132' title='bbox 269 2347 450 2385; x_wconf 88' lang='lat' dir='ltr'>introistis</span> 
     </span>
    </p>

    <p class='ocr_par' dir='ltr' id='par_1_7' title="bbox 269 2401 705 2601">
     <span class='ocr_line' id='line_1_40' title="bbox 272 2401 705 2452; baseline 0.009 -15"><span class='ocrx_word' id='word_1_133' title='bbox 272 2411 300 2437; x_wconf 86' lang='lat' dir='ltr'><strong><em>X</em></strong></span> <span class='ocrx_word' id='word_1_134' title='bbox 316 2401 447 2440; x_wconf 76' lang='lat' dir='ltr'>Omnis</span> <span class='ocrx_word' id='word_1_135' title='bbox 454 2403 607 2452; x_wconf 62' lang='lat' dir='ltr'>prcfila</span> <span class='ocrx_word' id='word_1_136' title='bbox 626 2405 705 2441; x_wconf 82' lang='lat' dir='ltr'>sine</span> 
     </span>
     <span class='ocr_line' id='line_1_41' title="bbox 269 2455 691 2507; baseline 0.009 -15"><span class='ocrx_word' id='word_1_137' title='bbox 269 2455 418 2494; x_wconf 89' lang='lat' dir='ltr'>honore</span> <span class='ocrx_word' id='word_1_138' title='bbox 438 2464 494 2494; x_wconf 88' lang='lat' dir='ltr'>est</span> <span class='ocrx_word' id='word_1_139' title='bbox 514 2458 552 2494; x_wconf 93' lang='lat' dir='ltr'>in</span> <span class='ocrx_word' id='word_1_140' title='bbox 572 2459 691 2507; x_wconf 89' lang='lat' dir='ltr'>patria</span> 
     </span>
     <span class='ocr_line' id='line_1_42' title="bbox 270 2511 702 2562; baseline 0.007 -15"><span class='ocrx_word' id='word_1_141' title='bbox 270 2521 340 2547; x_wconf 89' lang='lat' dir='ltr'>sua</span> <span class='ocrx_word' id='word_1_142' title='bbox 358 2511 423 2547; x_wconf 91' lang='lat' dir='ltr'>ubi</span> <span class='ocrx_word' id='word_1_143' title='bbox 443 2511 560 2548; x_wconf 90' lang='lat' dir='ltr'>filium</span> <span class='ocrx_word' id='word_1_144' title='bbox 580 2512 702 2562; x_wconf 88' lang='lat' dir='ltr'>reguli</span> 
     </span>
     <span class='ocr_line' id='line_1_43' title="bbox 271 2564 421 2601; baseline 0 -1"><span class='ocrx_word' id='word_1_145' title='bbox 271 2564 421 2601; x_wconf 89' lang='lat' dir='ltr'>sanauit</span> 
     </span>
    </p>

    <p class='ocr_par' dir='ltr' id='par_1_8' title="bbox 270 2616 734 2874">
     <span class='ocr_line' id='line_1_44' title="bbox 272 2616 734 2667; baseline 0.009 -13"><span class='ocrx_word' id='word_1_146' title='bbox 272 2627 319 2654; x_wconf 89' lang='lat' dir='ltr'>XI</span> <span class='ocrx_word' id='word_1_147' title='bbox 336 2616 387 2654; x_wconf 89' lang='lat' dir='ltr'>In</span> <span class='ocrx_word' id='word_1_148' title='bbox 399 2620 584 2667; x_wconf 82' lang='lat' dir='ltr'>porticum</span> <span class='ocrx_word' id='word_1_149' title='bbox 603 2620 734 2658; x_wconf 84' lang='lat' dir='ltr'>solomo</span> 
     </span>
     <span class='ocr_line' id='line_1_45' title="bbox 271 2671 726 2723; baseline 0.009 -15"><span class='ocrx_word' id='word_1_150' title='bbox 271 2671 331 2710; x_wconf 90' lang='lat' dir='ltr'>nis</span> <span class='ocrx_word' id='word_1_151' title='bbox 351 2672 400 2710; x_wconf 89' lang='lat' dir='ltr'>ad</span> <span class='ocrx_word' id='word_1_152' title='bbox 421 2673 647 2711; x_wconf 83' lang='lat' dir='ltr'>natatoriam</span> <span class='ocrx_word' id='word_1_153' title='bbox 666 2675 726 2723; x_wconf 92' lang='lat' dir='ltr'>pis</span> 
     </span>
     <span class='ocr_line' id='line_1_46' title="bbox 270 2726 685 2766; baseline 0.007 -3"><span class='ocrx_word' id='word_1_154' title='bbox 270 2726 398 2764; x_wconf 90' lang='lat' dir='ltr'>cinam</span> <span class='ocrx_word' id='word_1_155' title='bbox 419 2726 616 2765; x_wconf 88' lang='lat' dir='ltr'>hominem</span> <span class='ocrx_word' id='word_1_156' title='bbox 636 2729 685 2766; x_wconf 91' lang='lat' dir='ltr'>ab</span> 
     </span>
     <span class='ocr_line' id='line_1_47' title="bbox 271 2780 688 2820; baseline 0.007 -3"><span class='ocrx_word' id='word_1_157' title='bbox 271 2780 489 2819; x_wconf 89' lang='lat' dir='ltr'>infirmitate</span> <span class='ocrx_word' id='word_1_158' title='bbox 508 2789 688 2820; x_wconf 67' lang='lat' dir='ltr'>annoru-</span> 
     </span>
     <span class='ocr_line' id='line_1_48' title="bbox 272 2835 621 2874; baseline 0.003 -1"><span class='ocrx_word' id='word_1_159' title='bbox 272 2835 420 2873; x_wconf 82' lang='lat' dir='ltr'>xxxuiii</span> <span class='ocrx_word' id='word_1_160' title='bbox 441 2856 449 2865; x_wconf 87' lang='lat'><strong>·</strong></span> <span class='ocrx_word' id='word_1_161' title='bbox 471 2837 621 2874; x_wconf 88' lang='lat' dir='ltr'>sanauit</span> 
     </span>
    </p>

    <p class='ocr_par' dir='ltr' id='par_1_9' title="bbox 273 2889 773 3105">
     <span class='ocr_line' id='line_1_49' title="bbox 275 2889 773 2941; baseline 0.008 -15"><span class='ocrx_word' id='word_1_162' title='bbox 275 2898 339 2926; x_wconf 82' lang='lat' dir='ltr'>XII</span> <span class='ocrx_word' id='word_1_163' title='bbox 350 2889 411 2927; x_wconf 86' lang='lat' dir='ltr'>De</span> <span class='ocrx_word' id='word_1_164' title='bbox 429 2892 588 2940; x_wconf 79' lang='lat' dir='ltr'>quinque</span> <span class='ocrx_word' id='word_1_165' title='bbox 597 2898 717 2941; x_wconf 80' lang='lat' dir='ltr'>panes</span> <span class='ocrx_word' id='word_1_166' title='bbox 729 2905 773 2930; x_wconf 87' lang='lat' dir='ltr'>or</span> 
     </span>
     <span class='ocr_line' id='line_1_50' title="bbox 273 2943 738 2995; baseline 0.011 -15"><span class='ocrx_word' id='word_1_167' title='bbox 273 2943 417 2982; x_wconf 87' lang='lat' dir='ltr'>diacios</span> <span class='ocrx_word' id='word_1_168' title='bbox 437 2951 474 2982; x_wconf 87' lang='lat' dir='ltr'>et</span> <span class='ocrx_word' id='word_1_169' title='bbox 493 2945 592 2983; x_wconf 89' lang='lat' dir='ltr'>duos</span> <span class='ocrx_word' id='word_1_170' title='bbox 613 2946 738 2995; x_wconf 88' lang='lat' dir='ltr'>pisces</span> 
     </span>
     <span class='ocr_line' id='line_1_51' title="bbox 274 2998 714 3039; baseline 0.011 -5"><span class='ocrx_word' id='word_1_171' title='bbox 274 2998 340 3034; x_wconf 90' lang='lat' dir='ltr'>ubi</span> <span class='ocrx_word' id='word_1_172' title='bbox 360 2998 497 3036; x_wconf 90' lang='lat' dir='ltr'>uolunt</span> <span class='ocrx_word' id='word_1_173' title='bbox 517 3012 605 3037; x_wconf 90' lang='lat' dir='ltr'>eum</span> <span class='ocrx_word' id='word_1_174' title='bbox 626 3007 714 3039; x_wconf 89' lang='lat' dir='ltr'>tene</span> 
     </span>
     <span class='ocr_line' id='line_1_52' title="bbox 273 3051 693 3105; baseline 0.012 -17"><span class='ocrx_word' id='word_1_175' title='bbox 273 3063 314 3088; x_wconf 89' lang='lat' dir='ltr'>re</span> <span class='ocrx_word' id='word_1_176' title='bbox 333 3051 371 3089; x_wconf 91' lang='lat' dir='ltr'>in</span> <span class='ocrx_word' id='word_1_177' title='bbox 390 3065 522 3103; x_wconf 83' lang='lat' dir='ltr'>regem</span> <span class='ocrx_word' id='word_1_178' title='bbox 541 3061 579 3093; x_wconf 92' lang='lat' dir='ltr'>et</span> <span class='ocrx_word' id='word_1_179' title='bbox 596 3055 693 3105; x_wconf 87' lang='lat' dir='ltr'>fugit</span> 
     </span>
    </p>
   </div>
   <div class='ocr_carea' id='block_1_5' title="bbox 803 355 1313 1658">
    <p class='ocr_par' dir='ltr' id='par_1_10' title="bbox 807 355 1222 406">
     <span class='ocr_line' id='line_1_53' title="bbox 807 355 1222 406; baseline 0.002 -13"><span class='ocrx_word' id='word_1_180' title='bbox 807 355 857 394; x_wconf 89' lang='lat' dir='ltr'>Et</span> <span class='ocrx_word' id='word_1_181' title='bbox 877 356 983 394; x_wconf 85' lang='lat' dir='ltr'>uenit</span> <span class='ocrx_word' id='word_1_182' title='bbox 1003 357 1052 394; x_wconf 85' lang='lat' dir='ltr'>ad</span> <span class='ocrx_word' id='word_1_183' title='bbox 1073 356 1222 406; x_wconf 85' lang='lat' dir='ltr'>discipu</span> 
     </span>
    </p>

    <p class='ocr_par' dir='ltr' id='par_1_11' title="bbox 804 410 1273 569">
     <span class='ocr_line' id='line_1_54' title="bbox 806 410 1225 460; baseline -0.002 -12"><span class='ocrx_word' id='word_1_184' title='bbox 806 410 863 449; x_wconf 90' lang='lat' dir='ltr'>los</span> <span class='ocrx_word' id='word_1_185' title='bbox 884 411 1088 449; x_wconf 80' lang='lat' dir='ltr'>ambulans</span> <span class='ocrx_word' id='word_1_186' title='bbox 1109 423 1225 460; x_wconf 92' lang='lat' dir='ltr'>supra</span> 
     </span>
     <span class='ocr_line' id='line_1_55' title="bbox 806 466 1273 516; baseline 0 -14"><span class='ocrx_word' id='word_1_187' title='bbox 806 476 912 503; x_wconf 88' lang='lat' dir='ltr'>mare</span> <span class='ocrx_word' id='word_1_188' title='bbox 933 472 969 503; x_wconf 91' lang='lat' dir='ltr'>et</span> <span class='ocrx_word' id='word_1_189' title='bbox 990 466 1084 503; x_wconf 85' lang='lat' dir='ltr'>dixit</span> <span class='ocrx_word' id='word_1_190' title='bbox 1105 477 1179 516; x_wconf 91' lang='lat' dir='ltr'>ego</span> <span class='ocrx_word' id='word_1_191' title='bbox 1200 472 1273 503; x_wconf 70' lang='lat' dir='ltr'>su-</span> 
     </span>
     <span class='ocr_line' id='line_1_56' title="bbox 804 520 1037 569; baseline 0.009 -13"><span class='ocrx_word' id='word_1_192' title='bbox 804 520 916 569; x_wconf 86' lang='lat' dir='ltr'>panis</span> <span class='ocrx_word' id='word_1_193' title='bbox 935 520 1037 558; x_wconf 86' lang='lat' dir='ltr'>uitae</span> 
     </span>
    </p>

    <p class='ocr_par' dir='ltr' id='par_1_12' title="bbox 803 573 1305 884">
     <span class='ocr_line' id='line_1_57' title="bbox 806 573 1296 624; baseline 0.006 -15"><span class='ocrx_word' id='word_1_194' title='bbox 806 583 890 610; x_wconf 92' lang='lat' dir='ltr'><strong><em>XIII</em></strong></span> <span class='ocrx_word' id='word_1_195' title='bbox 912 574 1008 612; x_wconf 85' lang='lat' dir='ltr'>Cum</span> <span class='ocrx_word' id='word_1_196' title='bbox 1028 574 1166 624; x_wconf 71' lang='lat' dir='ltr'>aliquis</span> <span class='ocrx_word' id='word_1_197' title='bbox 1177 574 1219 611; x_wconf 82' lang='lat' dir='ltr'>de</span> <span class='ocrx_word' id='word_1_198' title='bbox 1238 573 1296 612; x_wconf 76' lang='lat' dir='ltr'>dis</span> 
     </span>
     <span class='ocr_line' id='line_1_58' title="bbox 805 628 1229 677; baseline 0.005 -13"><span class='ocrx_word' id='word_1_199' title='bbox 805 628 939 677; x_wconf 88' lang='lat' dir='ltr'>cipulis</span> <span class='ocrx_word' id='word_1_200' title='bbox 959 629 1106 667; x_wconf 87' lang='lat' dir='ltr'>abirent</span> <span class='ocrx_word' id='word_1_201' title='bbox 1126 635 1229 666; x_wconf 90' lang='lat' dir='ltr'>retro</span> 
     </span>
     <span class='ocr_line' id='line_1_59' title="bbox 805 682 1245 733; baseline 0 -14"><span class='ocrx_word' id='word_1_202' title='bbox 805 682 901 719; x_wconf 85' lang='lat' dir='ltr'>dixit</span> <span class='ocrx_word' id='word_1_203' title='bbox 920 683 1097 733; x_wconf 88' lang='lat' dir='ltr'>numquit</span> <span class='ocrx_word' id='word_1_204' title='bbox 1117 689 1155 721; x_wconf 90' lang='lat' dir='ltr'>et</span> <span class='ocrx_word' id='word_1_205' title='bbox 1174 694 1245 720; x_wconf 91' lang='lat' dir='ltr'>uos</span> 
     </span>
     <span class='ocr_line' id='line_1_60' title="bbox 803 733 1305 788; baseline -0.004 -14"><span class='ocrx_word' id='word_1_206' title='bbox 803 736 918 775; x_wconf 90' lang='lat' dir='ltr'>uultis</span> <span class='ocrx_word' id='word_1_207' title='bbox 938 738 1017 775; x_wconf 89' lang='lat' dir='ltr'>irae</span> <span class='ocrx_word' id='word_1_208' title='bbox 1213 733 1305 788; x_wconf 70' lang='lat' dir='ltr'>[ihm</span> 
     </span>
     <span class='ocr_line' id='line_1_61' title="bbox 806 791 1257 829; baseline -0.002 -1"><span class='ocrx_word' id='word_1_209' title='bbox 806 800 909 828; x_wconf 82' lang='lat' dir='ltr'><strong><em>XIIII</em></strong></span> <span class='ocrx_word' id='word_1_210' title='bbox 926 791 984 829; x_wconf 79' lang='lat' dir='ltr'>Et</span> <span class='ocrx_word' id='word_1_211' title='bbox 1001 792 1186 829; x_wconf 77' lang='lat' dir='ltr'>dixerunt</span> <span class='ocrx_word' id='word_1_212' title='bbox 1202 791 1257 828; x_wconf 83' lang='lat' dir='ltr'>ad</span> 
     </span>
     <span class='ocr_line' id='line_1_62' title="bbox 807 846 1162 884; baseline 0 -1"><span class='ocrx_word' id='word_1_213' title='bbox 807 846 940 883; x_wconf 88' lang='lat' dir='ltr'>fratres</span> <span class='ocrx_word' id='word_1_214' title='bbox 960 846 1041 884; x_wconf 91' lang='lat' dir='ltr'>eius</span> <span class='ocrx_word' id='word_1_215' title='bbox 1061 846 1162 884; x_wconf 86' lang='lat' dir='ltr'>uade</span> 
     </span>
    </p>

    <p class='ocr_par' dir='ltr' id='par_1_13' title="bbox 806 899 1245 993">
     <span class='ocr_line' id='line_1_63' title="bbox 806 899 1245 938; baseline 0.002 -2"><span class='ocrx_word' id='word_1_216' title='bbox 806 900 896 937; x_wconf 89' lang='lat' dir='ltr'>hinc</span> <span class='ocrx_word' id='word_1_217' title='bbox 915 901 956 938; x_wconf 88' lang='lat' dir='ltr'>in</span> <span class='ocrx_word' id='word_1_218' title='bbox 975 900 1129 938; x_wconf 87' lang='lat' dir='ltr'>iudeam</span> <span class='ocrx_word' id='word_1_219' title='bbox 1150 907 1186 937; x_wconf 89' lang='lat' dir='ltr'>et</span> <span class='ocrx_word' id='word_1_220' title='bbox 1207 899 1245 937; x_wconf 90' lang='lat' dir='ltr'>di</span> 
     </span>
     <span class='ocr_line' id='line_1_64' title="bbox 806 954 1219 993; baseline 0 -1"><span class='ocrx_word' id='word_1_221' title='bbox 806 955 860 992; x_wconf 88' lang='lat' dir='ltr'>xit</span> <span class='ocrx_word' id='word_1_222' title='bbox 878 954 936 993; x_wconf 81' lang='lat' dir='ltr'>ihs</span> <span class='ocrx_word' id='word_1_223' title='bbox 956 955 1072 993; x_wconf 89' lang='lat' dir='ltr'>nolite</span> <span class='ocrx_word' id='word_1_224' title='bbox 1092 954 1219 992; x_wconf 90' lang='lat' dir='ltr'>iudica</span> 
     </span>
    </p>

    <p class='ocr_par' dir='ltr' id='par_1_14' title="bbox 805 1008 1308 1167">
     <span class='ocr_line' id='line_1_65' title="bbox 806 1008 1225 1048; baseline 0 -2"><span class='ocrx_word' id='word_1_225' title='bbox 806 1021 846 1048; x_wconf 87' lang='lat' dir='ltr'>re</span> <span class='ocrx_word' id='word_1_226' title='bbox 868 1010 1081 1048; x_wconf 89' lang='lat' dir='ltr'>secundum</span> <span class='ocrx_word' id='word_1_227' title='bbox 1097 1008 1225 1046; x_wconf 71' lang='lat' dir='ltr'>facie-</span> 
     </span>
     <span class='ocr_line' id='line_1_66' title="bbox 806 1062 1308 1113; baseline -0.006 -11"><span class='ocrx_word' id='word_1_228' title='bbox 806 1064 964 1113; x_wconf 87' lang='lat' dir='ltr'>queritis</span> <span class='ocrx_word' id='word_1_229' title='bbox 985 1076 1047 1101; x_wconf 90' lang='lat' dir='ltr'>me</span> <span class='ocrx_word' id='word_1_230' title='bbox 1069 1069 1106 1101; x_wconf 92' lang='lat' dir='ltr'>et</span> <span class='ocrx_word' id='word_1_231' title='bbox 1125 1063 1191 1100; x_wconf 91' lang='lat' dir='ltr'>ubi</span> <span class='ocrx_word' id='word_1_232' title='bbox 1220 1062 1308 1100; x_wconf 83' lang='lat' dir='ltr'>sunt</span> 
     </span>
     <span class='ocr_line' id='line_1_67' title="bbox 805 1117 1217 1167; baseline 0 -13"><span class='ocrx_word' id='word_1_233' title='bbox 805 1130 884 1156; x_wconf 91' lang='lat' dir='ltr'>non</span> <span class='ocrx_word' id='word_1_234' title='bbox 906 1117 1065 1167; x_wconf 89' lang='lat' dir='ltr'>potestis</span> <span class='ocrx_word' id='word_1_235' title='bbox 1084 1117 1217 1155; x_wconf 89' lang='lat' dir='ltr'>uenire</span> 
     </span>
    </p>

    <p class='ocr_par' dir='ltr' id='par_1_15' title="bbox 806 1171 1313 1275">
     <span class='ocr_line' id='line_1_68' title="bbox 806 1171 1313 1219; baseline 0 -11"><span class='ocrx_word' id='word_1_236' title='bbox 806 1182 860 1208; x_wconf 74' lang='grc' dir='ltr'>ΧΠ</span> <span class='ocrx_word' id='word_1_237' title='bbox 875 1172 954 1219; x_wconf 75' lang='lat' dir='ltr'>Qui</span> <span class='ocrx_word' id='word_1_238' title='bbox 967 1173 1050 1210; x_wconf 80' lang='lat' dir='ltr'>sz&#39;tz&#39;l</span> <span class='ocrx_word' id='word_1_239' title='bbox 1066 1173 1192 1209; x_wconf 80' lang='lat' dir='ltr'>ueniat</span> <span class='ocrx_word' id='word_1_240' title='bbox 1211 1171 1313 1209; x_wconf 71' lang='lat' dir='ltr'>bibat</span> 
     </span>
     <span class='ocr_line' id='line_1_69' title="bbox 806 1227 1186 1275; baseline -0.005 -11"><span class='ocrx_word' id='word_1_241' title='bbox 806 1227 903 1265; x_wconf 88' lang='lat' dir='ltr'>sicut</span> <span class='ocrx_word' id='word_1_242' title='bbox 924 1227 1109 1275; x_wconf 88' lang='lat' dir='ltr'>scripturn</span> <span class='ocrx_word' id='word_1_243' title='bbox 1130 1232 1186 1263; x_wconf 86' lang='lat' dir='ltr'>est</span> 
     </span>
    </p>

    <p class='ocr_par' dir='ltr' id='par_1_16' title="bbox 805 1280 1262 1373">
     <span class='ocr_line' id='line_1_70' title="bbox 806 1280 1262 1318; baseline 0 -1"><span class='ocrx_word' id='word_1_244' title='bbox 806 1291 876 1318; x_wconf 68' lang='grc' dir='ltr'>ΧΗ]</span> <span class='ocrx_word' id='word_1_245' title='bbox 889 1280 1097 1317; x_wconf 81' lang='lat' dir='ltr'>Adducunt</span> <span class='ocrx_word' id='word_1_246' title='bbox 1113 1280 1168 1316; x_wconf 82' lang='lat' dir='ltr'>ad</span> <span class='ocrx_word' id='word_1_247' title='bbox 1181 1292 1262 1317; x_wconf 86' lang='lat' dir='ltr'>eum</span> 
     </span>
     <span class='ocr_line' id='line_1_71' title="bbox 805 1333 1181 1373; baseline -0.005 -1"><span class='ocrx_word' id='word_1_248' title='bbox 805 1335 1008 1373; x_wconf 89' lang='lat' dir='ltr'>mulierem</span> <span class='ocrx_word' id='word_1_249' title='bbox 1029 1335 1067 1372; x_wconf 92' lang='lat' dir='ltr'>in</span> <span class='ocrx_word' id='word_1_250' title='bbox 1090 1333 1181 1372; x_wconf 91' lang='lat' dir='ltr'>adul</span> 
     </span>
    </p>

    <p class='ocr_par' dir='ltr' id='par_1_17' title="bbox 804 1389 1310 1602">
     <span class='ocr_line' id='line_1_72' title="bbox 804 1389 1211 1439; baseline -0.002 -12"><span class='ocrx_word' id='word_1_251' title='bbox 804 1390 897 1428; x_wconf 90' lang='lat' dir='ltr'>terio</span> <span class='ocrx_word' id='word_1_252' title='bbox 918 1389 1211 1439; x_wconf 70' lang='lat' dir='ltr'>depraehensa*</span> 
     </span>
     <span class='ocr_line' id='line_1_73' title="bbox 806 1442 1292 1482; baseline 0 -2"><span class='ocrx_word' id='word_1_253' title='bbox 806 1453 895 1481; x_wconf 69' lang='lat' dir='ltr'><strong><em>XIIII</em></strong></span> <span class='ocrx_word' id='word_1_254' title='bbox 906 1443 965 1482; x_wconf 82' lang='lat' dir='ltr'>Et</span> <span class='ocrx_word' id='word_1_255' title='bbox 981 1445 1087 1481; x_wconf 76' lang='lat' dir='ltr'>dz&#39;xz&#39;l</span> <span class='ocrx_word' id='word_1_256' title='bbox 1103 1442 1162 1481; x_wconf 68' lang='lat' dir='ltr'>ihs</span> <span class='ocrx_word' id='word_1_257' title='bbox 1177 1443 1292 1480; x_wconf 74' lang='lat' dir='ltr'>iudeis</span> 
     </span>
     <span class='ocr_line' id='line_1_74' title="bbox 805 1495 1310 1551; baseline -0.002 -16"><span class='ocrx_word' id='word_1_258' title='bbox 805 1498 1060 1536; x_wconf 88' lang='lat' dir='ltr'>exaltaueritis</span> <span class='ocrx_word' id='word_1_259' title='bbox 1080 1498 1200 1535; x_wconf 91' lang='lat' dir='ltr'>filium</span> <span class='ocrx_word' id='word_1_260' title='bbox 1218 1495 1310 1551; x_wconf 64' lang='grc' dir='ltr'>[εα-</span> 
     </span>
     <span class='ocr_line' id='line_1_75' title="bbox 804 1552 1188 1602; baseline -0.003 -12"><span class='ocrx_word' id='word_1_261' title='bbox 804 1552 971 1592; x_wconf 90' lang='lat' dir='ltr'>hominis</span> <span class='ocrx_word' id='word_1_262' title='bbox 992 1564 1188 1602; x_wconf 85' lang='lat' dir='ltr'>cognosce</span> 
     </span>
    </p>

    <p class='ocr_par' dir='ltr' id='par_1_18' title="bbox 804 1607 1219 1658">
     <span class='ocr_line' id='line_1_76' title="bbox 804 1607 1219 1658; baseline -0.002 -13"><span class='ocrx_word' id='word_1_263' title='bbox 804 1608 852 1646; x_wconf 90' lang='lat' dir='ltr'>tis</span> <span class='ocrx_word' id='word_1_264' title='bbox 872 1607 962 1658; x_wconf 87' lang='lat' dir='ltr'>quia</span> <span class='ocrx_word' id='word_1_265' title='bbox 981 1619 1055 1657; x_wconf 84' lang='lat' dir='ltr'>ego</span> <span class='ocrx_word' id='word_1_266' title='bbox 1075 1618 1161 1645; x_wconf 90' lang='lat' dir='ltr'>sum</span> <span class='ocrx_word' id='word_1_267' title='bbox 1182 1612 1219 1645; x_wconf 92' lang='lat' dir='ltr'>et</span> 
     </span>
    </p>
   </div>
   <div class='ocr_carea' id='block_1_6' title="bbox 802 1802 1311 2766">
    <p class='ocr_par' dir='ltr' id='par_1_19' title="bbox 802 1802 1204 1895">
     <span class='ocr_line' id='line_1_77' title="bbox 802 1802 1204 1856; baseline 0.012 -17"><span class='ocrx_word' id='word_1_268' title='bbox 802 1802 904 1840; x_wconf 92' lang='lat' dir='ltr'>Ante</span> <span class='ocrx_word' id='word_1_269' title='bbox 924 1804 1109 1843; x_wconf 86' lang='lat' dir='ltr'>abraham</span> <span class='ocrx_word' id='word_1_270' title='bbox 1130 1817 1204 1856; x_wconf 90' lang='lat' dir='ltr'>ego</span> 
     </span>
     <span class='ocr_line' id='line_1_78' title="bbox 802 1869 888 1895; baseline -0.012 0"><span class='ocrx_word' id='word_1_271' title='bbox 802 1869 888 1895; x_wconf 89' lang='lat' dir='ltr'>sum</span> 
     </span>
    </p>

    <p class='ocr_par' dir='ltr' id='par_1_20' title="bbox 802 1912 1305 2235">
     <span class='ocr_line' id='line_1_79' title="bbox 803 1912 1290 1953; baseline 0.008 -5"><span class='ocrx_word' id='word_1_272' title='bbox 803 1922 911 1949; x_wconf 81' lang='lat' dir='ltr'><strong><em>XUIII</em></strong></span> <span class='ocrx_word' id='word_1_273' title='bbox 922 1912 983 1950; x_wconf 86' lang='lat' dir='ltr'>De</span> <span class='ocrx_word' id='word_1_274' title='bbox 1000 1926 1075 1952; x_wconf 82' lang='lat' dir='ltr'>ceco</span> <span class='ocrx_word' id='word_1_275' title='bbox 1094 1916 1290 1953; x_wconf 74' lang='lat' dir='ltr'>natz‘uz&#39;lale</span> 
     </span>
     <span class='ocr_line' id='line_1_80' title="bbox 802 1967 1262 2008; baseline 0.007 -4"><span class='ocrx_word' id='word_1_276' title='bbox 802 1968 863 2005; x_wconf 93' lang='lat' dir='ltr'>cui</span> <span class='ocrx_word' id='word_1_277' title='bbox 884 1967 992 2005; x_wconf 91' lang='lat' dir='ltr'>linuit</span> <span class='ocrx_word' id='word_1_278' title='bbox 1012 1969 1147 2007; x_wconf 89' lang='lat' dir='ltr'>oculus</span> <span class='ocrx_word' id='word_1_279' title='bbox 1167 1976 1203 2007; x_wconf 89' lang='lat' dir='ltr'>et</span> <span class='ocrx_word' id='word_1_280' title='bbox 1223 1970 1262 2008; x_wconf 92' lang='lat' dir='ltr'>di</span> 
     </span>
     <span class='ocr_line' id='line_1_81' title="bbox 803 2021 1202 2062; baseline 0.003 -3"><span class='ocrx_word' id='word_1_281' title='bbox 803 2021 858 2059; x_wconf 89' lang='lat' dir='ltr'>xit</span> <span class='ocrx_word' id='word_1_282' title='bbox 877 2021 975 2059; x_wconf 90' lang='lat' dir='ltr'>uade</span> <span class='ocrx_word' id='word_1_283' title='bbox 995 2022 1045 2060; x_wconf 92' lang='lat' dir='ltr'>ad</span> <span class='ocrx_word' id='word_1_284' title='bbox 1065 2023 1202 2062; x_wconf 87' lang='lat' dir='ltr'>siloam</span> 
     </span>
     <span class='ocr_line' id='line_1_82' title="bbox 804 2076 1305 2128; baseline 0.008 -16"><span class='ocrx_word' id='word_1_285' title='bbox 804 2076 1015 2126; x_wconf 79' lang='lat' dir='ltr'><strong><em>XUIIIIEgo</em></strong></span> <span class='ocrx_word' id='word_1_286' title='bbox 1020 2090 1103 2117; x_wconf 82' lang='lat' dir='ltr'>sum</span> <span class='ocrx_word' id='word_1_287' title='bbox 1101 2082 1239 2128; x_wconf 77' lang='lat' dir='ltr'>pastor</span> <span class='ocrx_word' id='word_1_288' title='bbox 1247 2077 1305 2116; x_wconf 83' lang='lat' dir='ltr'>bo-</span> 
     </span>
     <span class='ocr_line' id='line_1_83' title="bbox 804 2132 1281 2182; baseline 0.004 -14"><span class='ocrx_word' id='word_1_289' title='bbox 804 2143 876 2169; x_wconf 89' lang='lat' dir='ltr'>nus</span> <span class='ocrx_word' id='word_1_290' title='bbox 896 2132 961 2182; x_wconf 90' lang='lat' dir='ltr'>qui</span> <span class='ocrx_word' id='word_1_291' title='bbox 981 2144 1089 2181; x_wconf 92' lang='lat' dir='ltr'>pono</span> <span class='ocrx_word' id='word_1_292' title='bbox 1110 2133 1281 2170; x_wconf 87' lang='lat' dir='ltr'>animam</span> 
     </span>
     <span class='ocr_line' id='line_1_84' title="bbox 804 2186 1035 2235; baseline 0.004 -13"><span class='ocrx_word' id='word_1_293' title='bbox 804 2197 876 2235; x_wconf 92' lang='lat' dir='ltr'>pro</span> <span class='ocrx_word' id='word_1_294' title='bbox 896 2186 1035 2223; x_wconf 89' lang='lat' dir='ltr'>ouibus</span> 
     </span>
    </p>

    <p class='ocr_par' dir='ltr' id='par_1_21' title="bbox 803 2239 1310 2386">
     <span class='ocr_line' id='line_1_85' title="bbox 805 2239 1310 2291; baseline 0.008 -16"><span class='ocrx_word' id='word_1_295' title='bbox 805 2249 861 2275; x_wconf 86' lang='lat' dir='ltr'>XX</span> <span class='ocrx_word' id='word_1_296' title='bbox 874 2239 1023 2278; x_wconf 79' lang='lat' dir='ltr'><em>Dicunt</em></span> <span class='ocrx_word' id='word_1_297' title='bbox 1038 2243 1074 2278; x_wconf 75' lang='grc' dir='ltr'>εί</span> <span class='ocrx_word' id='word_1_298' title='bbox 1082 2241 1258 2291; x_wconf 77' lang='lat' dir='ltr'>pharisei</span> <span class='ocrx_word' id='word_1_299' title='bbox 1271 2243 1310 2279; x_wconf 81' lang='lat' dir='ltr'>si</span> 
     </span>
     <span class='ocr_line' id='line_1_86' title="bbox 804 2295 1287 2346; baseline 0.008 -15"><span class='ocrx_word' id='word_1_300' title='bbox 804 2301 846 2332; x_wconf 91' lang='lat' dir='ltr'>tu</span> <span class='ocrx_word' id='word_1_301' title='bbox 865 2306 907 2333; x_wconf 88' lang='lat' dir='ltr'>es</span> <span class='ocrx_word' id='word_1_302' title='bbox 927 2298 1000 2344; x_wconf 66' lang='lat' dir='ltr'>xps</span> <span class='ocrx_word' id='word_1_303' title='bbox 1021 2295 1081 2333; x_wconf 92' lang='lat' dir='ltr'>dic</span> <span class='ocrx_word' id='word_1_304' title='bbox 1102 2297 1216 2334; x_wconf 88' lang='lat' dir='ltr'>nobis</span> <span class='ocrx_word' id='word_1_305' title='bbox 1236 2308 1287 2346; x_wconf 89' lang='lat' dir='ltr'>pa</span> 
     </span>
     <span class='ocr_line' id='line_1_87' title="bbox 803 2348 880 2386; baseline 0 0"><span class='ocrx_word' id='word_1_306' title='bbox 803 2348 880 2386; x_wconf 90' lang='lat' dir='ltr'>lam</span> 
     </span>
    </p>

    <p class='ocr_par' dir='ltr' id='par_1_22' title="bbox 803 2403 1311 2766">
     <span class='ocr_line' id='line_1_88' title="bbox 805 2403 1311 2444; baseline 0.01 -5"><span class='ocrx_word' id='word_1_307' title='bbox 805 2413 880 2440; x_wconf 87' lang='lat' dir='ltr'>XXI</span> <span class='ocrx_word' id='word_1_308' title='bbox 898 2403 1153 2443; x_wconf 77' lang='lat' dir='ltr'>sz&#39;lazarum</span> <span class='ocrx_word' id='word_1_309' title='bbox 1166 2407 1311 2444; x_wconf 82' lang='lat' dir='ltr'>resuscz&#39;</span> 
     </span>
     <span class='ocr_line' id='line_1_89' title="bbox 804 2459 1095 2507; baseline 0.003 -12"><span class='ocrx_word' id='word_1_310' title='bbox 804 2465 859 2496; x_wconf 87' lang='lat' dir='ltr'>tat</span> <span class='ocrx_word' id='word_1_311' title='bbox 879 2465 1015 2507; x_wconf 85' lang='lat' dir='ltr'>quarta</span> <span class='ocrx_word' id='word_1_312' title='bbox 1035 2459 1095 2496; x_wconf 91' lang='lat' dir='ltr'>die</span> 
     </span>
     <span class='ocr_line' id='line_1_90' title="bbox 805 2512 1304 2563; baseline 0.008 -14"><span class='ocrx_word' id='word_1_313' title='bbox 805 2512 1106 2563; x_wconf 78' lang='lat' dir='ltr'><strong><em>XXIIEladcepil</em></strong></span> <span class='ocrx_word' id='word_1_314' title='bbox 1116 2516 1241 2552; x_wconf 76' lang='lat' dir='ltr'>maria</span> <span class='ocrx_word' id='word_1_315' title='bbox 1254 2529 1304 2553; x_wconf 86' lang='lat' dir='ltr'>un</span> 
     </span>
     <span class='ocr_line' id='line_1_91' title="bbox 803 2569 1242 2618; baseline 0.005 -14"><span class='ocrx_word' id='word_1_316' title='bbox 803 2574 991 2617; x_wconf 87' lang='lat' dir='ltr'>guentum</span> <span class='ocrx_word' id='word_1_317' title='bbox 1011 2575 1048 2606; x_wconf 91' lang='lat' dir='ltr'>et</span> <span class='ocrx_word' id='word_1_318' title='bbox 1067 2569 1175 2606; x_wconf 91' lang='lat' dir='ltr'>unxit</span> <span class='ocrx_word' id='word_1_319' title='bbox 1195 2581 1242 2618; x_wconf 93' lang='lat' dir='ltr'>pe</span> 
     </span>
     <span class='ocr_line' id='line_1_92' title="bbox 805 2621 1268 2671; baseline 0.006 -13"><span class='ocrx_word' id='word_1_320' title='bbox 805 2621 873 2659; x_wconf 91' lang='lat' dir='ltr'>des</span> <span class='ocrx_word' id='word_1_321' title='bbox 893 2621 958 2659; x_wconf 82' lang='lat' dir='ltr'>ihu</span> <span class='ocrx_word' id='word_1_322' title='bbox 978 2628 1014 2659; x_wconf 90' lang='lat' dir='ltr'>et</span> <span class='ocrx_word' id='word_1_323' title='bbox 1034 2622 1196 2671; x_wconf 87' lang='lat' dir='ltr'>pharisei</span> <span class='ocrx_word' id='word_1_324' title='bbox 1216 2635 1268 2661; x_wconf 93' lang='lat' dir='ltr'>uo</span> 
     </span>
     <span class='ocr_line' id='line_1_93' title="bbox 804 2674 1188 2714; baseline 0.005 -2"><span class='ocrx_word' id='word_1_325' title='bbox 804 2674 935 2713; x_wconf 87' lang='lat' dir='ltr'>lebant</span> <span class='ocrx_word' id='word_1_326' title='bbox 954 2676 1131 2714; x_wconf 90' lang='lat' dir='ltr'>occidere</span> <span class='ocrx_word' id='word_1_327' title='bbox 1150 2677 1188 2714; x_wconf 93' lang='lat' dir='ltr'>la</span> 
     </span>
     <span class='ocr_line' id='line_1_94' title="bbox 805 2741 937 2766; baseline 0 0"><span class='ocrx_word' id='word_1_328' title='bbox 805 2741 937 2766; x_wconf 89' lang='lat' dir='ltr'>zarum</span> 
     </span>
    </p>
   </div>
   <div class='ocr_carea' id='block_1_7' title="bbox 806 2783 1310 3095">
    <p class='ocr_par' dir='ltr' id='par_1_23' title="bbox 806 2783 1310 3051">
     <span class='ocr_line' id='line_1_95' title="bbox 807 2783 1268 2834; baseline 0.009 -15"><span class='ocrx_word' id='word_1_329' title='bbox 807 2793 920 2820; x_wconf 81' lang='lat' dir='ltr'><strong><em>XXIII</em></strong></span> <span class='ocrx_word' id='word_1_330' title='bbox 931 2783 987 2820; x_wconf 78' lang='lat' dir='ltr'>El</span> <span class='ocrx_word' id='word_1_331' title='bbox 1002 2783 1106 2822; x_wconf 79' lang='lat' dir='ltr'><em>turbe</em></span> <span class='ocrx_word' id='word_1_332' title='bbox 1124 2785 1268 2834; x_wconf 78' lang='lat' dir='ltr'>adcepe-</span> 
     </span>
     <span class='ocr_line' id='line_1_96' title="bbox 806 2837 1310 2892; baseline 0.004 -17"><span class='ocrx_word' id='word_1_333' title='bbox 806 2837 921 2876; x_wconf 88' lang='lat' dir='ltr'>flores</span> <span class='ocrx_word' id='word_1_334' title='bbox 930 2837 1144 2887; x_wconf 89' lang='lat' dir='ltr'>palmarum</span> <span class='ocrx_word' id='word_1_335' title='bbox 1153 2846 1188 2876; x_wconf 89' lang='lat' dir='ltr'>et</span> <span class='ocrx_word' id='word_1_336' title='bbox 1198 2837 1310 2892; x_wconf 80' lang='lat' dir='ltr'><em>[runt</em></span> 
     </span>
     <span class='ocr_line' id='line_1_97' title="bbox 807 2892 1211 2931; baseline 0.002 -1"><span class='ocrx_word' id='word_1_337' title='bbox 807 2892 987 2931; x_wconf 87' lang='lat' dir='ltr'>dicebant</span> <span class='ocrx_word' id='word_1_338' title='bbox 1006 2903 1156 2930; x_wconf 85' lang='lat' dir='ltr'>osanna</span> <span class='ocrx_word' id='word_1_339' title='bbox 1175 2901 1211 2931; x_wconf 90' lang='lat' dir='ltr'>et</span> 
     </span>
     <span class='ocr_line' id='line_1_98' title="bbox 807 2945 1245 2997; baseline 0.002 -12"><span class='ocrx_word' id='word_1_340' title='bbox 807 2947 958 2985; x_wconf 88' lang='lat' dir='ltr'>dicebat</span> <span class='ocrx_word' id='word_1_341' title='bbox 977 2945 1035 2985; x_wconf 82' lang='lat' dir='ltr'>ihs</span> <span class='ocrx_word' id='word_1_342' title='bbox 1055 2947 1121 2997; x_wconf 90' lang='lat' dir='ltr'>qui</span> <span class='ocrx_word' id='word_1_343' title='bbox 1142 2954 1245 2986; x_wconf 87' lang='lat' dir='ltr'>amat·</span> 
     </span>
     <span class='ocr_line' id='line_1_99' title="bbox 806 3002 1197 3051; baseline 0.005 -13"><span class='ocrx_word' id='word_1_344' title='bbox 806 3002 978 3039; x_wconf 86' lang='lat' dir='ltr'>animam</span> <span class='ocrx_word' id='word_1_345' title='bbox 997 3012 1107 3039; x_wconf 87' lang='lat' dir='ltr'>suam</span> <span class='ocrx_word' id='word_1_346' title='bbox 1128 3014 1197 3051; x_wconf 90' lang='lat' dir='ltr'>per</span> 
     </span>
    </p>

    <p class='ocr_par' dir='ltr' id='par_1_24' title="bbox 806 3055 975 3095">
     <span class='ocr_line' id='line_1_100' title="bbox 806 3055 975 3095; baseline -0.012 0"><span class='ocrx_word' id='word_1_347' title='bbox 806 3055 870 3095; x_wconf 90' lang='lat' dir='ltr'>det</span> <span class='ocrx_word' id='word_1_348' title='bbox 888 3067 975 3094; x_wconf 86' lang='lat' dir='ltr'>eam</span> 
     </span>
    </p>
   </div>
   <div class='ocr_carea' id='block_1_8' title="bbox 1734 225 2029 264">
    <p class='ocr_par' dir='ltr' id='par_1_25' title="bbox 1734 225 2029 264">
     <span class='ocr_line' id='line_1_101' title="bbox 1734 225 2029 264; baseline 0 0"><span class='ocrx_word' id='word_1_349' title='bbox 1734 226 1765 263; x_wconf 91' lang='lat' dir='ltr'><strong><em>I</em></strong></span> <span class='ocrx_word' id='word_1_350' title='bbox 1765 225 1834 264; x_wconf 81' lang='grc' dir='ltr'>ΘΑ</span> <span class='ocrx_word' id='word_1_351' title='bbox 1841 226 2029 264; x_wconf 81' lang='lat' dir='ltr'><em>DHEM</em></span> 
     </span>
    </p>
   </div>
   <div class='ocr_carea' id='block_1_9' title="bbox 1378 314 1878 408">
    <p class='ocr_par' dir='ltr' id='par_1_26' title="bbox 1378 314 1878 408">
     <span class='ocr_line' id='line_1_102' title="bbox 1378 314 1536 344; baseline -0.006 -1"><span class='ocrx_word' id='word_1_352' title='bbox 1378 314 1460 344; x_wconf 81' lang='lat' dir='ltr'>Fol.</span> <span class='ocrx_word' id='word_1_353' title='bbox 1477 314 1536 343; x_wconf 84' lang='lat'>42.</span> 
     </span>
     <span class='ocr_line' id='line_1_103' title="bbox 1379 356 1878 408; baseline 0.006 -16"><span class='ocrx_word' id='word_1_354' title='bbox 1379 366 1509 393; x_wconf 85' lang='lat' dir='ltr'><strong><em>XXIIII</em></strong></span> <span class='ocrx_word' id='word_1_355' title='bbox 1524 356 1619 395; x_wconf 84' lang='lat' dir='ltr'>Cum</span> <span class='ocrx_word' id='word_1_356' title='bbox 1636 359 1752 395; x_wconf 82' lang='lat' dir='ltr'>mulla</span> <span class='ocrx_word' id='word_1_357' title='bbox 1767 359 1878 408; x_wconf 62' lang='lat' dir='ltr'>szgrna</span> 
     </span>
    </p>
   </div>
   <div class='ocr_carea' id='block_1_10' title="bbox 1375 410 1884 1660">
    <p class='ocr_par' dir='ltr' id='par_1_27' title="bbox 1378 410 1782 450">
     <span class='ocr_line' id='line_1_104' title="bbox 1378 410 1782 450; baseline 0.005 -2"><span class='ocrx_word' id='word_1_358' title='bbox 1378 410 1531 449; x_wconf 87' lang='lat' dir='ltr'>fecisset</span> <span class='ocrx_word' id='word_1_359' title='bbox 1551 412 1608 449; x_wconf 80' lang='lat' dir='ltr'>ihs</span> <span class='ocrx_word' id='word_1_360' title='bbox 1630 413 1782 450; x_wconf 88' lang='lat' dir='ltr'>dicebat</span> 
     </span>
    </p>

    <p class='ocr_par' dir='ltr' id='par_1_28' title="bbox 1377 466 1838 557">
     <span class='ocr_line' id='line_1_105' title="bbox 1377 466 1838 515; baseline 0.004 -12"><span class='ocrx_word' id='word_1_361' title='bbox 1377 477 1451 515; x_wconf 90' lang='lat' dir='ltr'>ego</span> <span class='ocrx_word' id='word_1_362' title='bbox 1471 466 1537 503; x_wconf 88' lang='lat' dir='ltr'>lux</span> <span class='ocrx_word' id='word_1_363' title='bbox 1560 467 1598 503; x_wconf 94' lang='lat' dir='ltr'>in</span> <span class='ocrx_word' id='word_1_364' title='bbox 1618 467 1721 506; x_wconf 90' lang='lat' dir='ltr'>hunc</span> <span class='ocrx_word' id='word_1_365' title='bbox 1741 472 1838 505; x_wconf 71' lang='lat' dir='ltr'>mu-</span> 
     </span>
     <span class='ocr_line' id='line_1_106' title="bbox 1378 520 1472 557; baseline 0 0"><span class='ocrx_word' id='word_1_366' title='bbox 1378 520 1472 557; x_wconf 88' lang='lat' dir='ltr'>dum</span> 
     </span>
    </p>

    <p class='ocr_par' dir='ltr' id='par_1_29' title="bbox 1375 575 1884 776">
     <span class='ocr_line' id='line_1_107' title="bbox 1377 575 1884 625; baseline 0.008 -15"><span class='ocrx_word' id='word_1_367' title='bbox 1377 584 1465 611; x_wconf 82' lang='lat' dir='ltr'><strong><em>XXU·</em></strong></span> <span class='ocrx_word' id='word_1_368' title='bbox 1493 575 1568 613; x_wconf 75' lang='lat' dir='ltr'>Ubi</span> <span class='ocrx_word' id='word_1_369' title='bbox 1577 576 1686 625; x_wconf 73' lang='lat' dir='ltr'>pedes</span> <span class='ocrx_word' id='word_1_370' title='bbox 1706 575 1766 614; x_wconf 69' lang='lat' dir='ltr'>ihs</span> <span class='ocrx_word' id='word_1_371' title='bbox 1784 576 1884 614; x_wconf 78' lang='lat' dir='ltr'>disci</span> 
     </span>
     <span class='ocr_line' id='line_1_108' title="bbox 1375 630 1678 679; baseline 0.007 -13"><span class='ocrx_word' id='word_1_372' title='bbox 1375 630 1555 679; x_wconf 86' lang='lat' dir='ltr'>pulorum</span> <span class='ocrx_word' id='word_1_373' title='bbox 1576 631 1678 668; x_wconf 85' lang='lat' dir='ltr'>lauat</span> 
     </span>
     <span class='ocr_line' id='line_1_109' title="bbox 1377 683 1879 723; baseline 0.008 -4"><span class='ocrx_word' id='word_1_374' title='bbox 1377 683 1622 722; x_wconf 77' lang='lat' dir='ltr'><strong><em>XXUIElcum</em></strong></span> <span class='ocrx_word' id='word_1_375' title='bbox 1636 685 1762 723; x_wconf 77' lang='lat' dir='ltr'>exiret</span> <span class='ocrx_word' id='word_1_376' title='bbox 1770 685 1879 723; x_wconf 81' lang='lat' dir='ltr'>iudas</span> 
     </span>
     <span class='ocr_line' id='line_1_110' title="bbox 1375 739 1728 776; baseline 0.003 -1"><span class='ocrx_word' id='word_1_377' title='bbox 1375 744 1416 775; x_wconf 88' lang='lat' dir='ltr'>ut</span> <span class='ocrx_word' id='word_1_378' title='bbox 1437 739 1601 776; x_wconf 88' lang='lat' dir='ltr'>traderet</span> <span class='ocrx_word' id='word_1_379' title='bbox 1621 739 1728 776; x_wconf 83' lang='lat' dir='ltr'>ihum</span> 
     </span>
    </p>

    <p class='ocr_par' dir='ltr' id='par_1_30' title="bbox 1376 792 1786 843">
     <span class='ocr_line' id='line_1_111' title="bbox 1376 792 1786 843; baseline 0.007 -14"><span class='ocrx_word' id='word_1_380' title='bbox 1376 792 1469 831; x_wconf 88' lang='lat' dir='ltr'>dixit</span> <span class='ocrx_word' id='word_1_381' title='bbox 1490 794 1523 830; x_wconf 91' lang='lat' dir='ltr'>ei</span> <span class='ocrx_word' id='word_1_382' title='bbox 1545 794 1603 832; x_wconf 83' lang='lat' dir='ltr'>ihs</span> <span class='ocrx_word' id='word_1_383' title='bbox 1624 793 1729 843; x_wconf 88' lang='lat' dir='ltr'>quod</span> <span class='ocrx_word' id='word_1_384' title='bbox 1749 793 1786 832; x_wconf 90' lang='lat' dir='ltr'>fa</span> 
     </span>
    </p>

    <p class='ocr_par' dir='ltr' id='par_1_31' title="bbox 1375 847 1689 886">
     <span class='ocr_line' id='line_1_112' title="bbox 1375 847 1689 886; baseline 0.006 -3"><span class='ocrx_word' id='word_1_385' title='bbox 1375 847 1430 884; x_wconf 92' lang='lat' dir='ltr'>cis</span> <span class='ocrx_word' id='word_1_386' title='bbox 1450 847 1510 886; x_wconf 88' lang='lat' dir='ltr'>fac</span> <span class='ocrx_word' id='word_1_387' title='bbox 1531 848 1689 886; x_wconf 90' lang='lat' dir='ltr'>celerius</span> 
     </span>
    </p>

    <p class='ocr_par' dir='ltr' id='par_1_32' title="bbox 1375 902 1863 1169">
     <span class='ocr_line' id='line_1_113' title="bbox 1377 902 1863 941; baseline 0.008 -4"><span class='ocrx_word' id='word_1_388' title='bbox 1377 911 1502 939; x_wconf 68' lang='lat' dir='ltr'><strong><em>XXIIII·</em></strong></span> <span class='ocrx_word' id='word_1_389' title='bbox 1519 902 1576 940; x_wconf 81' lang='lat' dir='ltr'>Et</span> <span class='ocrx_word' id='word_1_390' title='bbox 1592 916 1673 940; x_wconf 81' lang='lat' dir='ltr'>cum</span> <span class='ocrx_word' id='word_1_391' title='bbox 1694 904 1787 940; x_wconf 81' lang='lat' dir='ltr'>dz&#39;cz&#39;l</span> <span class='ocrx_word' id='word_1_392' title='bbox 1803 902 1863 941; x_wconf 60' lang='grc' dir='ltr'>ἰῆς</span> 
     </span>
     <span class='ocr_line' id='line_1_114' title="bbox 1377 956 1796 1007; baseline 0 -13"><span class='ocrx_word' id='word_1_393' title='bbox 1377 956 1572 1006; x_wconf 75' lang='lat' dir='ltr'>discipulis</span> <span class='ocrx_word' id='word_1_394' title='bbox 1592 957 1736 1007; x_wconf 87' lang='lat' dir='ltr'>diligite</span> <span class='ocrx_word' id='word_1_395' title='bbox 1756 958 1796 994; x_wconf 92' lang='lat' dir='ltr'>in</span> 
     </span>
     <span class='ocr_line' id='line_1_115' title="bbox 1375 1012 1797 1062; baseline 0.005 -14"><span class='ocrx_word' id='word_1_396' title='bbox 1375 1012 1504 1049; x_wconf 91' lang='lat' dir='ltr'>uicem</span> <span class='ocrx_word' id='word_1_397' title='bbox 1525 1024 1608 1050; x_wconf 92' lang='lat' dir='ltr'>uos·</span> <span class='ocrx_word' id='word_1_398' title='bbox 1631 1019 1668 1050; x_wconf 89' lang='lat' dir='ltr'>et</span> <span class='ocrx_word' id='word_1_399' title='bbox 1688 1019 1797 1062; x_wconf 88' lang='lat' dir='ltr'>petro</span> 
     </span>
     <span class='ocr_line' id='line_1_116' title="bbox 1377 1065 1810 1116; baseline 0.005 -14"><span class='ocrx_word' id='word_1_400' title='bbox 1377 1065 1469 1103; x_wconf 90' lang='lat' dir='ltr'>dicit</span> <span class='ocrx_word' id='word_1_401' title='bbox 1489 1072 1546 1103; x_wconf 91' lang='lat' dir='ltr'>ter</span> <span class='ocrx_word' id='word_1_402' title='bbox 1566 1078 1628 1104; x_wconf 88' lang='lat' dir='ltr'>me</span> <span class='ocrx_word' id='word_1_403' title='bbox 1650 1067 1810 1116; x_wconf 86' lang='lat' dir='ltr'>negauis</span> 
     </span>
     <span class='ocr_line' id='line_1_117' title="bbox 1377 1121 1766 1169; baseline 0.005 -12"><span class='ocrx_word' id='word_1_404' title='bbox 1377 1132 1451 1169; x_wconf 90' lang='lat' dir='ltr'>ego</span> <span class='ocrx_word' id='word_1_405' title='bbox 1472 1132 1559 1158; x_wconf 88' lang='lat' dir='ltr'>sum</span> <span class='ocrx_word' id='word_1_406' title='bbox 1579 1121 1641 1158; x_wconf 92' lang='lat' dir='ltr'>uia</span> <span class='ocrx_word' id='word_1_407' title='bbox 1660 1126 1697 1159; x_wconf 86' lang='lat' dir='ltr'>et</span> <span class='ocrx_word' id='word_1_408' title='bbox 1718 1133 1766 1159; x_wconf 93' lang='lat' dir='ltr'>ue</span> 
     </span>
    </p>

    <p class='ocr_par' dir='ltr' id='par_1_33' title="bbox 1379 1175 1470 1212">
     <span class='ocr_line' id='line_1_118' title="bbox 1379 1175 1470 1212; baseline 0.011 -1"><span class='ocrx_word' id='word_1_409' title='bbox 1379 1175 1470 1212; x_wconf 89' lang='lat' dir='ltr'>ritas</span> 
     </span>
    </p>

    <p class='ocr_par' dir='ltr' id='par_1_34' title="bbox 1378 1227 1846 1442">
     <span class='ocr_line' id='line_1_119' title="bbox 1380 1227 1846 1278; baseline 0.006 -14"><span class='ocrx_word' id='word_1_410' title='bbox 1380 1238 1524 1266; x_wconf 75' lang='lat' dir='ltr'><strong><em>XXLIII-</em></strong></span> <span class='ocrx_word' id='word_1_411' title='bbox 1546 1227 1598 1266; x_wconf 80' lang='lat' dir='ltr'>Sz·</span> <span class='ocrx_word' id='word_1_412' title='bbox 1613 1229 1773 1278; x_wconf 68' lang='lat' dir='ltr'>dz&#39;lzgrz&#39;lz&#39;s</span> <span class='ocrx_word' id='word_1_413' title='bbox 1792 1242 1846 1267; x_wconf 81' lang='lat' dir='ltr'>me</span> 
     </span>
     <span class='ocr_line' id='line_1_120' title="bbox 1379 1290 1782 1332; baseline 0.002 -12"><span class='ocrx_word' id='word_1_414' title='bbox 1379 1290 1586 1332; x_wconf 88' lang='lat' dir='ltr'>praecepta</span> <span class='ocrx_word' id='word_1_415' title='bbox 1606 1296 1693 1321; x_wconf 91' lang='lat' dir='ltr'>mea</span> <span class='ocrx_word' id='word_1_416' title='bbox 1714 1296 1782 1321; x_wconf 87' lang='lat' dir='ltr'>cus</span> 
     </span>
     <span class='ocr_line' id='line_1_121' title="bbox 1379 1338 1731 1387; baseline 0.006 -13"><span class='ocrx_word' id='word_1_417' title='bbox 1379 1338 1510 1376; x_wconf 89' lang='lat' dir='ltr'>todite·</span> <span class='ocrx_word' id='word_1_418' title='bbox 1531 1344 1567 1375; x_wconf 91' lang='lat' dir='ltr'>et</span> <span class='ocrx_word' id='word_1_419' title='bbox 1582 1338 1731 1387; x_wconf 86' lang='lat' dir='ltr'>rogabo</span> 
     </span>
     <span class='ocr_line' id='line_1_122' title="bbox 1378 1399 1735 1442; baseline 0.003 -13"><span class='ocrx_word' id='word_1_420' title='bbox 1378 1399 1527 1442; x_wconf 87' lang='lat' dir='ltr'>patrem</span> <span class='ocrx_word' id='word_1_421' title='bbox 1547 1404 1678 1430; x_wconf 89' lang='lat' dir='ltr'>meum</span> <span class='ocrx_word' id='word_1_422' title='bbox 1698 1399 1735 1430; x_wconf 82' lang='lat' dir='ltr'>et</span> 
     </span>
    </p>

    <p class='ocr_par' dir='ltr' id='par_1_35' title="bbox 1379 1446 1745 1539">
     <span class='ocr_line' id='line_1_123' title="bbox 1379 1446 1745 1496; baseline 0.005 -13"><span class='ocrx_word' id='word_1_423' title='bbox 1379 1446 1492 1484; x_wconf 86' lang='lat' dir='ltr'>mittit</span> <span class='ocrx_word' id='word_1_424' title='bbox 1512 1447 1625 1485; x_wconf 92' lang='lat' dir='ltr'>uobis</span> <span class='ocrx_word' id='word_1_425' title='bbox 1646 1450 1745 1496; x_wconf 70' lang='lat' dir='ltr'>spm·</span> 
     </span>
     <span class='ocr_line' id='line_1_124' title="bbox 1379 1501 1548 1539; baseline 0.006 -1"><span class='ocrx_word' id='word_1_426' title='bbox 1379 1501 1548 1539; x_wconf 81' lang='lat' dir='ltr'>ueritatis</span> 
     </span>
    </p>

    <p class='ocr_par' dir='ltr' id='par_1_36' title="bbox 1378 1555 1883 1660">
     <span class='ocr_line' id='line_1_125' title="bbox 1381 1555 1883 1605; baseline 0.008 -15"><span class='ocrx_word' id='word_1_427' title='bbox 1381 1564 1543 1593; x_wconf 79' lang='lat' dir='ltr'><strong><em>XXUIIII·</em></strong></span> <span class='ocrx_word' id='word_1_428' title='bbox 1551 1555 1638 1605; x_wconf 79' lang='lat' dir='ltr'>Ego</span> <span class='ocrx_word' id='word_1_429' title='bbox 1649 1569 1730 1594; x_wconf 85' lang='lat' dir='ltr'>sum</span> <span class='ocrx_word' id='word_1_430' title='bbox 1744 1557 1833 1594; x_wconf 79' lang='lat' dir='ltr'>uz&#39;lz‘s</span> <span class='ocrx_word' id='word_1_431' title='bbox 1840 1569 1883 1594; x_wconf 85' lang='lat' dir='ltr'>ue</span> 
     </span>
     <span class='ocr_line' id='line_1_126' title="bbox 1378 1617 1734 1660; baseline 0.006 -13"><span class='ocrx_word' id='word_1_432' title='bbox 1378 1621 1419 1647; x_wconf 89' lang='lat' dir='ltr'>ra</span> <span class='ocrx_word' id='word_1_433' title='bbox 1438 1617 1475 1648; x_wconf 88' lang='lat' dir='ltr'>et</span> <span class='ocrx_word' id='word_1_434' title='bbox 1496 1617 1604 1660; x_wconf 89' lang='lat' dir='ltr'>pater</span> <span class='ocrx_word' id='word_1_435' title='bbox 1624 1623 1734 1650; x_wconf 86' lang='lat' dir='ltr'>meus</span> 
     </span>
    </p>
   </div>
   <div class='ocr_carea' id='block_1_11' title="bbox 1374 1806 1882 3096">
    <p class='ocr_par' dir='ltr' id='par_1_37' title="bbox 1377 1806 1779 1911">
     <span class='ocr_line' id='line_1_127' title="bbox 1377 1806 1779 1856; baseline 0 -12"><span class='ocrx_word' id='word_1_436' title='bbox 1377 1806 1561 1856; x_wconf 88' lang='lat' dir='ltr'>Agricola</span> <span class='ocrx_word' id='word_1_437' title='bbox 1580 1807 1610 1845; x_wconf 89' lang='lat' dir='ltr'>si</span> <span class='ocrx_word' id='word_1_438' title='bbox 1631 1819 1694 1844; x_wconf 87' lang='lat' dir='ltr'>me</span> <span class='ocrx_word' id='word_1_439' title='bbox 1714 1807 1779 1845; x_wconf 93' lang='lat' dir='ltr'>dili</span> 
     </span>
     <span class='ocr_line' id='line_1_128' title="bbox 1378 1862 1757 1911; baseline 0 -12"><span class='ocrx_word' id='word_1_440' title='bbox 1378 1862 1518 1911; x_wconf 87' lang='lat' dir='ltr'>geretis</span> <span class='ocrx_word' id='word_1_441' title='bbox 1538 1862 1757 1910; x_wconf 85' lang='lat' dir='ltr'>gauderetis</span> 
     </span>
    </p>

    <p class='ocr_par' dir='ltr' id='par_1_38' title="bbox 1377 1915 1840 2074">
     <span class='ocr_line' id='line_1_129' title="bbox 1378 1915 1813 1966; baseline 0.002 -14"><span class='ocrx_word' id='word_1_442' title='bbox 1378 1916 1468 1965; x_wconf 88' lang='lat' dir='ltr'>quia</span> <span class='ocrx_word' id='word_1_443' title='bbox 1488 1916 1590 1954; x_wconf 90' lang='lat' dir='ltr'>uado</span> <span class='ocrx_word' id='word_1_444' title='bbox 1610 1915 1659 1954; x_wconf 91' lang='lat' dir='ltr'>ad</span> <span class='ocrx_word' id='word_1_445' title='bbox 1679 1922 1813 1966; x_wconf 68' lang='lat' dir='ltr'>patre-</span> 
     </span>
     <span class='ocr_line' id='line_1_130' title="bbox 1379 1970 1840 2020; baseline 0.002 -13"><span class='ocrx_word' id='word_1_446' title='bbox 1379 1980 1464 2007; x_wconf 86' lang='lat' dir='ltr'>XXX</span> <span class='ocrx_word' id='word_1_447' title='bbox 1480 1970 1608 2008; x_wconf 80' lang='lat' dir='ltr'>Uem&#39;et</span> <span class='ocrx_word' id='word_1_448' title='bbox 1624 1983 1691 2008; x_wconf 83' lang='lat' dir='ltr'>ora</span> <span class='ocrx_word' id='word_1_449' title='bbox 1712 1975 1755 2008; x_wconf 85' lang='lat' dir='ltr'>ul</span> <span class='ocrx_word' id='word_1_450' title='bbox 1769 1971 1840 2020; x_wconf 78' lang='lat' dir='ltr'>qui</span> 
     </span>
     <span class='ocr_line' id='line_1_131' title="bbox 1377 2025 1778 2074; baseline -0.002 -11"><span class='ocrx_word' id='word_1_451' title='bbox 1377 2037 1449 2063; x_wconf 88' lang='lat' dir='ltr'>uos</span> <span class='ocrx_word' id='word_1_452' title='bbox 1470 2025 1650 2063; x_wconf 86' lang='lat' dir='ltr'>occiderit</span> <span class='ocrx_word' id='word_1_453' title='bbox 1671 2033 1778 2074; x_wconf 86' lang='lat' dir='ltr'>putet</span> 
     </span>
    </p>

    <p class='ocr_par' dir='ltr' id='par_1_39' title="bbox 1375 2079 1849 2499">
     <span class='ocr_line' id='line_1_132' title="bbox 1378 2079 1742 2129; baseline 0.003 -12"><span class='ocrx_word' id='word_1_454' title='bbox 1378 2091 1417 2117; x_wconf 90' lang='lat' dir='ltr'>se</span> <span class='ocrx_word' id='word_1_455' title='bbox 1437 2079 1668 2129; x_wconf 90' lang='lat' dir='ltr'>obsequium</span> <span class='ocrx_word' id='word_1_456' title='bbox 1688 2079 1742 2118; x_wconf 78' lang='lat' dir='ltr'>do</span> 
     </span>
     <span class='ocr_line' id='line_1_133' title="bbox 1377 2134 1757 2172; baseline 0.005 -2"><span class='ocrx_word' id='word_1_457' title='bbox 1377 2134 1502 2172; x_wconf 89' lang='lat' dir='ltr'>facere</span> <span class='ocrx_word' id='word_1_458' title='bbox 1522 2141 1558 2172; x_wconf 89' lang='lat' dir='ltr'>et</span> <span class='ocrx_word' id='word_1_459' title='bbox 1581 2134 1757 2172; x_wconf 65' lang='lat' dir='ltr'>tristitia*</span> 
     </span>
     <span class='ocr_line' id='line_1_134' title="bbox 1377 2188 1798 2226; baseline 0 0"><span class='ocrx_word' id='word_1_460' title='bbox 1377 2188 1566 2226; x_wconf 88' lang='lat' dir='ltr'>habebitis</span> <span class='ocrx_word' id='word_1_461' title='bbox 1586 2189 1653 2226; x_wconf 88' lang='lat' dir='ltr'>sed</span> <span class='ocrx_word' id='word_1_462' title='bbox 1673 2189 1798 2226; x_wconf 67' lang='lat' dir='ltr'>iteru-</span> 
     </span>
     <span class='ocr_line' id='line_1_135' title="bbox 1377 2243 1769 2292; baseline 0.005 -13"><span class='ocrx_word' id='word_1_463' title='bbox 1377 2243 1521 2281; x_wconf 90' lang='lat' dir='ltr'>uideuo</span> <span class='ocrx_word' id='word_1_464' title='bbox 1541 2255 1614 2281; x_wconf 90' lang='lat' dir='ltr'>uos</span> <span class='ocrx_word' id='word_1_465' title='bbox 1634 2249 1672 2281; x_wconf 85' lang='lat' dir='ltr'>et</span> <span class='ocrx_word' id='word_1_466' title='bbox 1691 2255 1769 2292; x_wconf 88' lang='lat' dir='ltr'>gau</span> 
     </span>
     <span class='ocr_line' id='line_1_136' title="bbox 1377 2297 1748 2336; baseline 0 -2"><span class='ocrx_word' id='word_1_467' title='bbox 1377 2297 1480 2335; x_wconf 87' lang='lat' dir='ltr'>deuit</span> <span class='ocrx_word' id='word_1_468' title='bbox 1500 2310 1566 2336; x_wconf 90' lang='lat' dir='ltr'>cor</span> <span class='ocrx_word' id='word_1_469' title='bbox 1585 2303 1748 2335; x_wconf 68' lang='lat' dir='ltr'>uestru-</span> 
     </span>
     <span class='ocr_line' id='line_1_137' title="bbox 1378 2351 1849 2390; baseline 0.004 -2"><span class='ocrx_word' id='word_1_470' title='bbox 1378 2362 1481 2389; x_wconf 88' lang='lat' dir='ltr'><strong><em>XXXI</em></strong></span> <span class='ocrx_word' id='word_1_471' title='bbox 1493 2351 1551 2389; x_wconf 80' lang='lat' dir='ltr'>Et</span> <span class='ocrx_word' id='word_1_472' title='bbox 1567 2354 1715 2390; x_wconf 73' lang='lat' dir='ltr'>eleuatis</span> <span class='ocrx_word' id='word_1_473' title='bbox 1734 2353 1849 2390; x_wconf 80' lang='lat' dir='ltr'><em>oculis</em></span> 
     </span>
     <span class='ocr_line' id='line_1_138' title="bbox 1377 2407 1737 2445; baseline 0.006 -2"><span class='ocrx_word' id='word_1_474' title='bbox 1377 2407 1435 2445; x_wconf 79' lang='lat' dir='ltr'>ihs</span> <span class='ocrx_word' id='word_1_475' title='bbox 1455 2407 1550 2445; x_wconf 91' lang='lat' dir='ltr'>dixit</span> <span class='ocrx_word' id='word_1_476' title='bbox 1570 2407 1737 2445; x_wconf 88' lang='lat' dir='ltr'>clarifica</span> 
     </span>
     <span class='ocr_line' id='line_1_139' title="bbox 1375 2461 1627 2499; baseline 0.004 -1"><span class='ocrx_word' id='word_1_477' title='bbox 1375 2461 1497 2498; x_wconf 90' lang='lat' dir='ltr'>filium</span> <span class='ocrx_word' id='word_1_478' title='bbox 1517 2468 1627 2499; x_wconf 88' lang='lat' dir='ltr'>tuum</span> 
     </span>
    </p>

    <p class='ocr_par' dir='ltr' id='par_1_40' title="bbox 1374 2516 1869 2607">
     <span class='ocr_line' id='line_1_140' title="bbox 1376 2516 1869 2553; baseline 0.004 -2"><span class='ocrx_word' id='word_1_479' title='bbox 1376 2525 1507 2552; x_wconf 89' lang='lat' dir='ltr'><strong><em>XXXII·</em></strong></span> <span class='ocrx_word' id='word_1_480' title='bbox 1529 2516 1651 2553; x_wconf 79' lang='lat' dir='ltr'>Pater</span> <span class='ocrx_word' id='word_1_481' title='bbox 1669 2519 1791 2553; x_wconf 78' lang='lat' dir='ltr'>sancte</span> <span class='ocrx_word' id='word_1_482' title='bbox 1809 2528 1869 2553; x_wconf 83' lang='lat' dir='ltr'>ser</span> 
     </span>
     <span class='ocr_line' id='line_1_141' title="bbox 1374 2570 1748 2607; baseline -0.003 0"><span class='ocrx_word' id='word_1_483' title='bbox 1374 2581 1424 2607; x_wconf 85' lang='lat' dir='ltr'>ua</span> <span class='ocrx_word' id='word_1_484' title='bbox 1443 2581 1511 2607; x_wconf 90' lang='lat' dir='ltr'>eos</span> <span class='ocrx_word' id='word_1_485' title='bbox 1531 2570 1570 2607; x_wconf 92' lang='lat' dir='ltr'>in</span> <span class='ocrx_word' id='word_1_486' title='bbox 1590 2570 1748 2607; x_wconf 91' lang='lat' dir='ltr'>nomine</span> 
     </span>
    </p>

    <p class='ocr_par' dir='ltr' id='par_1_41' title="bbox 1376 2623 1879 2770">
     <span class='ocr_line' id='line_1_142' title="bbox 1376 2623 1836 2673; baseline 0 -12"><span class='ocrx_word' id='word_1_487' title='bbox 1376 2630 1443 2661; x_wconf 89' lang='lat' dir='ltr'>tuo</span> <span class='ocrx_word' id='word_1_488' title='bbox 1465 2624 1503 2661; x_wconf 92' lang='lat' dir='ltr'>id</span> <span class='ocrx_word' id='word_1_489' title='bbox 1523 2631 1580 2662; x_wconf 88' lang='lat' dir='ltr'>est</span> <span class='ocrx_word' id='word_1_490' title='bbox 1601 2624 1776 2673; x_wconf 86' lang='lat' dir='ltr'>discipuli</span> <span class='ocrx_word' id='word_1_491' title='bbox 1796 2623 1836 2661; x_wconf 76' lang='lat' dir='ltr'>di</span> 
     </span>
     <span class='ocr_line' id='line_1_143' title="bbox 1377 2677 1879 2716; baseline 0.004 -3"><span class='ocrx_word' id='word_1_492' title='bbox 1377 2687 1519 2715; x_wconf 82' lang='lat' dir='ltr'><strong><em>XXXIII</em></strong></span> <span class='ocrx_word' id='word_1_493' title='bbox 1531 2677 1590 2715; x_wconf 77' lang='lat' dir='ltr'>Et</span> <span class='ocrx_word' id='word_1_494' title='bbox 1598 2679 1794 2716; x_wconf 82' lang='lat' dir='ltr'>duxerunt</span> <span class='ocrx_word' id='word_1_495' title='bbox 1802 2677 1879 2715; x_wconf 65' lang='lat' dir='ltr'>ihm</span> 
     </span>
     <span class='ocr_line' id='line_1_144' title="bbox 1376 2731 1725 2770; baseline 0 -1"><span class='ocrx_word' id='word_1_496' title='bbox 1376 2731 1425 2769; x_wconf 86' lang='lat' dir='ltr'>ad</span> <span class='ocrx_word' id='word_1_497' title='bbox 1446 2744 1590 2770; x_wconf 85' lang='lat' dir='ltr'>annam</span> <span class='ocrx_word' id='word_1_498' title='bbox 1610 2739 1646 2769; x_wconf 93' lang='lat' dir='ltr'>et</span> <span class='ocrx_word' id='word_1_499' title='bbox 1666 2732 1725 2769; x_wconf 87' lang='lat' dir='ltr'>cai</span> 
     </span>
    </p>

    <p class='ocr_par' dir='ltr' id='par_1_42' title="bbox 1377 2784 1882 2997">
     <span class='ocr_line' id='line_1_145' title="bbox 1377 2784 1791 2835; baseline 0.005 -14"><span class='ocrx_word' id='word_1_500' title='bbox 1377 2784 1494 2834; x_wconf 89' lang='lat' dir='ltr'>pham</span> <span class='ocrx_word' id='word_1_501' title='bbox 1515 2792 1552 2823; x_wconf 90' lang='lat' dir='ltr'>et</span> <span class='ocrx_word' id='word_1_502' title='bbox 1572 2786 1620 2823; x_wconf 89' lang='lat' dir='ltr'>ad</span> <span class='ocrx_word' id='word_1_503' title='bbox 1642 2786 1791 2835; x_wconf 61' lang='lat' dir='ltr'>pilatu*</span> 
     </span>
     <span class='ocr_line' id='line_1_146' title="bbox 1379 2839 1882 2879; baseline 0.006 -4"><span class='ocrx_word' id='word_1_504' title='bbox 1379 2849 1546 2877; x_wconf 87' lang='lat' dir='ltr'><strong><em>XXXIIII·</em></strong></span> <span class='ocrx_word' id='word_1_505' title='bbox 1554 2839 1613 2877; x_wconf 79' lang='lat' dir='ltr'>Et</span> <span class='ocrx_word' id='word_1_506' title='bbox 1617 2841 1658 2877; x_wconf 82' lang='lat' dir='ltr'>de</span> <span class='ocrx_word' id='word_1_507' title='bbox 1664 2853 1770 2878; x_wconf 85' lang='lat' dir='ltr'>cruce</span> <span class='ocrx_word' id='word_1_508' title='bbox 1775 2841 1882 2879; x_wconf 73' lang='lat' dir='ltr'>dixit</span> 
     </span>
     <span class='ocr_line' id='line_1_147' title="bbox 1377 2893 1770 2945; baseline 0.003 -15"><span class='ocrx_word' id='word_1_509' title='bbox 1377 2893 1436 2930; x_wconf 82' lang='lat' dir='ltr'>ihs</span> <span class='ocrx_word' id='word_1_510' title='bbox 1456 2893 1643 2944; x_wconf 90' lang='lat' dir='ltr'>discipulo</span> <span class='ocrx_word' id='word_1_511' title='bbox 1664 2900 1770 2945; x_wconf 67' lang='lat' dir='ltr'>que*</span> 
     </span>
     <span class='ocr_line' id='line_1_148' title="bbox 1378 2947 1757 2997; baseline 0.008 -13"><span class='ocrx_word' id='word_1_512' title='bbox 1378 2947 1561 2997; x_wconf 89' lang='lat' dir='ltr'>diligebat</span> <span class='ocrx_word' id='word_1_513' title='bbox 1581 2960 1671 2987; x_wconf 89' lang='lat' dir='ltr'>ecce</span> <span class='ocrx_word' id='word_1_514' title='bbox 1691 2961 1757 2987; x_wconf 89' lang='lat' dir='ltr'>ma</span> 
     </span>
    </p>

    <p class='ocr_par' dir='ltr' id='par_1_43' title="bbox 1377 3008 1518 3040">
     <span class='ocr_line' id='line_1_149' title="bbox 1377 3008 1518 3040; baseline -0.007 0"><span class='ocrx_word' id='word_1_515' title='bbox 1377 3008 1434 3040; x_wconf 92' lang='lat' dir='ltr'>ter</span> <span class='ocrx_word' id='word_1_516' title='bbox 1453 3009 1518 3039; x_wconf 88' lang='lat' dir='ltr'>tua</span> 
     </span>
    </p>

    <p class='ocr_par' dir='ltr' id='par_1_44' title="bbox 1380 3057 1848 3096">
     <span class='ocr_line' id='line_1_150' title="bbox 1380 3057 1848 3096; baseline 0.011 -5"><span class='ocrx_word' id='word_1_517' title='bbox 1380 3065 1499 3092; x_wconf 84' lang='lat' dir='ltr'><strong><em>XXXU·</em></strong></span> <span class='ocrx_word' id='word_1_518' title='bbox 1517 3057 1614 3095; x_wconf 81' lang='lat' dir='ltr'>Post</span> <span class='ocrx_word' id='word_1_519' title='bbox 1630 3059 1848 3096; x_wconf 73' lang='lat' dir='ltr'>resurrectio</span> 
     </span>
    </p>
   </div>
   <div class='ocr_carea' id='block_1_12' title="bbox 2368 241 2412 266">
    <p class='ocr_par' dir='ltr' id='par_1_45' title="bbox 2368 241 2412 266">
     <span class='ocr_line' id='line_1_151' title="bbox 2368 241 2412 266; baseline 0 0"><span class='ocrx_word' id='word_1_520' title='bbox 2368 241 2412 266; x_wconf 89' lang='lat'>21</span> 
     </span>
    </p>
   </div>
   <div class='ocr_carea' id='block_1_13' title="bbox 1911 355 2416 884">
    <p class='ocr_par' dir='ltr' id='par_1_46' title="bbox 1913 355 2296 504">
     <span class='ocr_line' id='line_1_152' title="bbox 1914 355 2296 405; baseline 0.005 -12"><span class='ocrx_word' id='word_1_521' title='bbox 1914 355 2018 394; x_wconf 88' lang='lat' dir='ltr'>Nem</span> <span class='ocrx_word' id='word_1_522' title='bbox 2039 357 2216 405; x_wconf 85' lang='lat' dir='ltr'>apparuit</span> <span class='ocrx_word' id='word_1_523' title='bbox 2236 357 2296 395; x_wconf 76' lang='lat' dir='ltr'>ihs</span> 
     </span>
     <span class='ocr_line' id='line_1_153' title="bbox 1914 410 2270 460; baseline 0.003 -12"><span class='ocrx_word' id='word_1_524' title='bbox 1914 410 2111 460; x_wconf 88' lang='lat' dir='ltr'>discipulis</span> <span class='ocrx_word' id='word_1_525' title='bbox 2132 418 2169 448; x_wconf 90' lang='lat' dir='ltr'>et</span> <span class='ocrx_word' id='word_1_526' title='bbox 2189 424 2270 450; x_wconf 89' lang='lat' dir='ltr'>non</span> 
     </span>
     <span class='ocr_line' id='line_1_154' title="bbox 1913 464 2295 504; baseline 0 0"><span class='ocrx_word' id='word_1_527' title='bbox 1913 464 2121 504; x_wconf 86' lang='lat' dir='ltr'>credebant</span> <span class='ocrx_word' id='word_1_528' title='bbox 2141 464 2295 504; x_wconf 85' lang='lat' dir='ltr'>thomas</span> 
     </span>
    </p>

    <p class='ocr_par' dir='ltr' id='par_1_47' title="bbox 1911 519 2303 570">
     <span class='ocr_line' id='line_1_155' title="bbox 1911 519 2303 570; baseline 0.003 -12"><span class='ocrx_word' id='word_1_529' title='bbox 1911 526 1950 558; x_wconf 89' lang='lat' dir='ltr'>et</span> <span class='ocrx_word' id='word_1_530' title='bbox 1969 519 2106 557; x_wconf 90' lang='lat' dir='ltr'>iterum</span> <span class='ocrx_word' id='word_1_531' title='bbox 2126 522 2303 570; x_wconf 87' lang='lat' dir='ltr'>apparuit</span> 
     </span>
    </p>

    <p class='ocr_par' dir='ltr' id='par_1_48' title="bbox 1912 575 2416 788">
     <span class='ocr_line' id='line_1_156' title="bbox 1912 575 2303 623; baseline 0.003 -11"><span class='ocrx_word' id='word_1_532' title='bbox 1912 581 1948 612; x_wconf 89' lang='lat' dir='ltr'>et</span> <span class='ocrx_word' id='word_1_533' title='bbox 1968 575 2192 623; x_wconf 85' lang='lat' dir='ltr'>increpabat</span> <span class='ocrx_word' id='word_1_534' title='bbox 2212 587 2303 613; x_wconf 91' lang='lat' dir='ltr'>eum</span> 
     </span>
     <span class='ocr_line' id='line_1_157' title="bbox 1914 627 2416 669; baseline 0.01 -4"><span class='ocrx_word' id='word_1_535' title='bbox 1914 638 2051 665; x_wconf 73' lang='lat' dir='ltr'><strong><em>XXXIII·</em></strong></span> <span class='ocrx_word' id='word_1_536' title='bbox 2067 627 2126 665; x_wconf 77' lang='lat' dir='ltr'>Et</span> <span class='ocrx_word' id='word_1_537' title='bbox 2137 642 2218 666; x_wconf 87' lang='lat' dir='ltr'>cum</span> <span class='ocrx_word' id='word_1_538' title='bbox 2234 632 2337 668; x_wconf 80' lang='lat' dir='ltr'>tertio</span> <span class='ocrx_word' id='word_1_539' title='bbox 2354 644 2416 669; x_wconf 85' lang='lat' dir='ltr'>ma</span> 
     </span>
     <span class='ocr_line' id='line_1_158' title="bbox 1913 682 2247 722; baseline 0.012 -4"><span class='ocrx_word' id='word_1_540' title='bbox 1913 682 2107 720; x_wconf 86' lang='lat' dir='ltr'>nifestaret</span> <span class='ocrx_word' id='word_1_541' title='bbox 2127 695 2167 720; x_wconf 92' lang='lat' dir='ltr'>se</span> <span class='ocrx_word' id='word_1_542' title='bbox 2189 684 2247 722; x_wconf 83' lang='lat' dir='ltr'>ihs</span> 
     </span>
     <span class='ocr_line' id='line_1_159' title="bbox 1914 736 2312 788; baseline 0.01 -15"><span class='ocrx_word' id='word_1_543' title='bbox 1914 736 2112 785; x_wconf 89' lang='lat' dir='ltr'>discipulis</span> <span class='ocrx_word' id='word_1_544' title='bbox 2133 744 2169 775; x_wconf 89' lang='lat' dir='ltr'>et</span> <span class='ocrx_word' id='word_1_545' title='bbox 2193 739 2243 775; x_wconf 90' lang='lat' dir='ltr'>ait</span> <span class='ocrx_word' id='word_1_546' title='bbox 2264 751 2312 788; x_wconf 90' lang='lat' dir='ltr'>pe</span> 
     </span>
    </p>

    <p class='ocr_par' dir='ltr' id='par_1_49' title="bbox 1913 790 2306 843">
     <span class='ocr_line' id='line_1_160' title="bbox 1913 790 2306 843; baseline 0.008 -15"><span class='ocrx_word' id='word_1_547' title='bbox 1913 797 1972 829; x_wconf 90' lang='lat' dir='ltr'>tro</span> <span class='ocrx_word' id='word_1_548' title='bbox 1994 790 2128 828; x_wconf 89' lang='lat' dir='ltr'>dicens</span> <span class='ocrx_word' id='word_1_549' title='bbox 2148 798 2216 829; x_wconf 89' lang='lat' dir='ltr'>ter·</span> <span class='ocrx_word' id='word_1_550' title='bbox 2236 805 2306 843; x_wconf 86' lang='lat' dir='ltr'>pas</span> 
     </span>
    </p>

    <p class='ocr_par' dir='ltr' id='par_1_50' title="bbox 1915 856 2203 884">
     <span class='ocr_line' id='line_1_161' title="bbox 1915 856 2203 884; baseline 0 -1"><span class='ocrx_word' id='word_1_551' title='bbox 1915 857 1960 884; x_wconf 92' lang='lat' dir='ltr'>ce</span> <span class='ocrx_word' id='word_1_552' title='bbox 1981 856 2076 884; x_wconf 87' lang='lat' dir='ltr'>oues</span> <span class='ocrx_word' id='word_1_553' title='bbox 2095 857 2203 884; x_wconf 90' lang='lat' dir='ltr'>meas</span> 
     </span>
    </p>
   </div>
  </div>
 </body>
</html>
