2866 3346
261 216 547 272 x1x.3-xx.9.]
603 215 1016 257 EUANGELIUM
1051 215 1163 256 SEC

262 308 346 339 Pol.
363 309 419 341 17.

265 351 370 389 Eum
391 356 429 389 et
450 349 623 389 dicentes
644 349 674 388 si
693 349 719 387 li

264 412 326 444 cet
345 404 494 443 homini
514 405 701 443 dimittere

264 471 426 498 uxorem
446 471 556 497 suam
576 470 746 510 quacum

266 525 344 564 que
363 525 411 552 ex
431 525 548 552 causa

263 567 316 606 Et
335 574 580 606 accesserunt
600 567 649 605 ad
669 580 758 606 eum

265 622 280 643 ⁴
292 628 329 660 et
347 622 588 672 respondens
601 622 659 660 ihs
672 622 766 660 dixit

265 689 347 715 non
365 676 509 726 legistis
529 677 619 727 quia
639 678 705 726 qui
725 677 759 715 fe

265 731 316 770 cit
335 731 552 770 masculum
572 737 609 769 et
628 730 718 769 ferni

265 797 358 824 nam
378 785 466 824 fecit
481 798 549 824 eos
568 785 583 807 ⁶
597 792 634 823 et
653 785 748 824 dixit

320 846 478 890 propter
497 839 572 878 hoc
592 839 688 878 relin

321 901 415 944 quet
434 894 553 932 bomo
572 901 723 944 patrem

322 954 388 987 aut
407 956 571 987 matrem
590 954 626 986 et
645 947 695 986 ad

322 1002 471 1041 herebit
490 1002 601 1041 uxori
621 1014 713 1041 suae

322 1064 360 1095 et
380 1063 469 1095 runt
488 1057 565 1096 duo
583 1057 623 1094 in
647 1069 714 1095 car

320 1123 400 1149 una

264 1165 278 1186 ⁶
295 1165 433 1215 Itaque
454 1164 531 1202 iarn
551 1176 631 1202 non
652 1171 742 1203 sunt

266 1218 345 1257 duo
367 1218 434 1257 sed
454 1230 532 1256 una
551 1231 644 1256 caro
659 1219 765 1269 quod

265 1285 359 1323 ergo
378 1273 426 1311 ds
445 1273 645 1311 coniunxit
665 1274 705 1311 in

264 1339 344 1366 uno
364 1327 486 1366 homo
506 1339 587 1366 non
607 1339 704 1379 sepa

264 1388 320 1420 ret

263 1436 278 1458 '¹
290 1435 438 1475 Dicunt
458 1435 509 1473 illi
529 1435 623 1486 quid
639 1448 734 1487 ergo

263 1502 418 1541 moyses
437 1490 636 1528 mandauit

264 1544 345 1583 dari
365 1544 509 1583 bellum
529 1545 678 1595 repudii

265 1605 302 1637 et
323 1598 513 1638 dimittere
531 1606 687 1639 uxore*

266 1739 348 1778 8Αἰῑ
367 1739 439 1778 illis
459 1739 644 1791 quoniam
659 1739 710 1779 ad

265 1794 443 1832 duritiam
463 1795 589 1833 cordis
609 1807 677 1833 ues

263 1849 312 1886 tri
332 1849 504 1898 permisit
523 1849 636 1887 uobis

263 1914 421 1952 moyses
441 1903 632 1942 dimittere

263 1969 405 1995 uxores
423 1963 570 1996 uestras
590 1959 640 1996 ab
660 1958 672 1995 i

262 2011 357 2049 nitio
376 2018 506 2050 autern
526 2024 606 2050 non
624 2012 665 2050 fu

262 2065 289 2103 it
310 2066 365 2103 sic

264 2119 389 2158 ”Dico
404 2125 533 2158 autem
553 2121 666 2159 uobis
686 2121 753 2172 qui

263 2186 430 2225 cumque
451 2175 636 2214 dimiserit

262 2240 426 2267 uxorem
447 2240 557 2267 suam
577 2230 650 2268 nisi

262 2283 315 2320 ob
334 2295 493 2321 causam
513 2283 660 2323 fornica

262 2336 377 2375 tionis
396 2345 433 2375 et
453 2337 566 2376 aliam
586 2339 689 2377 duxe

263 2391 310 2429 rit
329 2391 540 2430 fornicatur

262 2443 291 2466 ¹⁰
304 2444 447 2483 Dicunt
467 2446 501 2483 ei
521 2446 697 2496 discipuli
719 2460 741 2486 e

264 2498 324 2536 ius
343 2499 375 2536 si
396 2499 448 2537 ita
467 2506 525 2537 est
544 2512 660 2539 causa
678 2502 718 2539 ui

263 2552 295 2589 ri
315 2563 404 2589 cum
425 2564 546 2591 uxore
561 2566 643 2592 non

262 2606 420 2655 expedit
439 2607 586 2645 nubere

263 2659 290 2680 ¹¹
302 2659 411 2698 Dixit
431 2666 560 2698 autem
580 2661 652 2700 illis
672 2674 752 2701 non

264 2725 404 2753 omnes
424 2714 581 2765 capiunt
600 2728 668 2754 uer

261 2769 359 2806 bunt
381 2768 471 2807 istut
491 2770 558 2807 sed
579 2770 717 2820 quibus

262 2822 394 2860 datum
416 2829 472 2861 est
519 2821 547 2843 ¹²
561 2831 648 2862 sunt
668 2825 762 2863 eni-

264 2877 460 2926 spadones
480 2878 545 2928 qui
565 2879 612 2917 de
632 2891 698 2918 ma

261 2930 327 2968 tris
346 2937 457 2970 utero
478 2932 532 2970 sic
553 2933 632 2971 nati

263 2990 352 3023 sunt
370 2992 408 3023 et
426 2993 514 3025 sunt
535 2988 660 3038 spado

329 3068 420 3088 nuel-m
424 3069 482 3088 NAn

798 348 881 387 Nes
901 348 967 400 qui
987 347 1140 387 castrati
1161 353 1250 386 sunt

799 404 849 441 ab
869 403 1094 441 hominibus
1113 409 1151 441 et
1172 410 1262 441 sunt

799 458 992 508 spadones
1012 457 1078 508 qui
1099 469 1140 495 se
1159 457 1264 507 ipsos

799 518 1063 551 castrauerunt
1082 523 1181 562 prop

799 573 856 605 ter
875 578 1039 617 regnum
1060 565 1168 604 caelo

799 621 996 660 caelorum
1053 620 1119 671 qui
1139 626 1268 671 potest

799 688 937 726 capere
958 675 1086 725 capiat

798 739 864 767 ΜΠ
875 729 903 751 ¹³
925 729 1028 767 Tunc
1039 729 1155 767 oblati
1164 733 1253 767 sunt
1269 729 1306 767 ei

798 784 907 834 pueri
927 790 968 822 ut
988 795 1150 821 manum
1169 783 1225 822 eis

800 839 1004 889 inponeret
1024 850 1045 876 e
1066 843 1193 876 oraret

801 893 973 943 discipuli
994 898 1123 931 autem
1142 904 1214 942 pro

801 947 985 986 bibebant
1000 959 1068 985 eos
1132 946 1161 968 ²⁴¹
1174 946 1233 985 ihs
1252 958 1300 984 ue

802 1013 846 1040 ro
866 1002 917 1039 ait
937 1001 1048 1040 sinite
1068 1000 1234 1041 infantes

801 1063 839 1094 et
858 1056 976 1094 nolite
997 1067 1065 1094 eos
1085 1055 1196 1105 prohi

800 1110 890 1148 bere
906 1110 1037 1148 uenire
1059 1110 1108 1147 ad
1128 1121 1192 1147 me

800 1165 933 1202 talium
953 1171 1011 1203 est
1031 1176 1196 1214 regnum

800 1218 996 1257 caelorum

799 1272 828 1294 ¹⁵
838 1273 890 1311 Et
908 1272 1084 1322 inpositis
1104 1272 1175 1310 illis
1195 1272 1301 1310 mani

799 1327 871 1365 bus
891 1328 983 1365 abiit
1003 1326 1093 1365 inde

799 1381 826 1403 ¹⁶
837 1381 889 1419 Et
909 1393 998 1420 ecce
1018 1393 1120 1419 unus
1135 1380 1302 1420 adcessit

799 1436 849 1474 ad
868 1448 958 1474 eum
978 1442 1015 1474 et
1035 1436 1087 1474 ait
1106 1435 1158 1473 illi
1176 1448 1242 1474 ma

798 1491 915 1540 gister
935 1491 1039 1528 bone
1061 1490 1155 1541 quid
1174 1490 1212 1529 fa

799 1545 901 1583 ciam
916 1551 957 1582 ut
976 1544 1144 1583 habeam
1164 1545 1204 1582 ui

797 1604 879 1638 tam
898 1604 1094 1638 aeternam

798 1739 892 1778 ¹⁷Ad
905 1740 963 1779 ihs
979 1740 1073 1779 dixit
1085 1739 1119 1778 ei
1131 1740 1224 1791 quid
1236 1752 1299 1779 me

799 1795 1013 1845 interrogas
1034 1795 1082 1833 de
1102 1796 1210 1833 bono

798 1861 899 1887 unus
918 1857 976 1888 est
995 1850 1123 1888 bonus
1143 1849 1191 1888 ds

800 1904 869 1942 sed
889 1904 920 1942 si
940 1904 1001 1942 uis
1020 1904 1059 1941 in
1079 1904 1199 1941 uitam
1218 1915 1267 1942 ue

798 1958 880 1996 nire
897 1970 1008 1996 serua
1028 1958 1246 1996 mandatu-

799 2012 826 2034 ¹⁸
835 2012 937 2051 Dicit
957 2013 1009 2050 illi
1028 2025 1129 2063 quae

798 2066 865 2105 Ihs
885 2074 1015 2105 autem
1033 2067 1130 2105 dixit
1150 2066 1201 2104 illi
1215 2074 1301 2105 no*

853 2122 1007 2160 occides
1027 2134 1107 2160 non
1127 2133 1217 2159 moe

853 2175 1027 2214 chaueris
1046 2188 1127 2214 non
1146 2175 1204 2213 fur

851 2236 934 2268 turn
954 2230 1070 2268 facies
1090 2242 1171 2268 non

851 2284 990 2322 salsum
1010 2285 1165 2323 testimo

852 2339 961 2376 nium
982 2339 1085 2377 dices
1105 2338 1132 2359 ¹⁹
1144 2337 1250 2377 hono

851 2405 894 2431 ra
912 2399 1063 2443 patrem
1082 2400 1193 2431 tuum

852 2454 890 2486 et
908 2453 1072 2485 matrem
1093 2453 1200 2486 tuam

852 2509 890 2540 et
909 2502 1036 2552 diligis
1057 2502 1267 2552 proximu-

852 2562 961 2593 tuum
977 2557 1073 2594 sicut
1093 2563 1130 2594 te
1150 2556 1268 2606 ipsu-

795 2608 826 2631 ²⁰
838 2609 985 2648 Dicens
1004 2610 1054 2648 illi
1070 2610 1298 2649 adulescens

797 2664 929 2702 omnia
947 2663 1019 2702 hae
1039 2665 1231 2702 custodiui

797 2728 820 2754 a
839 2717 1038 2755 iuuentute
1057 2729 1145 2755 mea
1165 2718 1259 2768 quid

797 2771 913 2809 athuc
932 2771 1026 2808 mihi
1047 2771 1155 2809 deest

797 2825 892 2863 21Αἱῑ
905 2825 979 2863 illis
991 2825 1049 2863 ihs
1062 2825 1158 2863 siuis
1169 2825 1296 2876 perfec

797 2886 859 2918 tus
879 2891 964 2917 esse
984 2879 1084 2917 uade
1105 2879 1231 2917 uende

796 2934 929 2972 omnia
949 2934 1053 2972 bona
1069 2939 1134 2971 tua
1153 2940 1189 2971 et
1210 2933 1260 2972 da

797 2988 1032 3039 pauperibus
1053 2995 1090 3026 et
1109 2987 1270 3027 habebis

1737 216 1825 256 MA
1837 217 2049 257 TTEUM
2381 231 2403 268 9

1368 304 1453 336 1¹01.
1469 305 1528 335 18.

1369 348 1645 387 Thensaurum
1665 347 1704 386 in
1724 361 1794 387 cae

1368 402 1407 440 lo
1427 410 1465 441 et
1484 403 1575 441 ueni
1595 415 1756 453 sequere
1778 416 1841 443 me

1369 455 1507 495 ²²Cum
1526 457 1694 496 audisset
1714 465 1842 496 autem

1340 555 1342 557 ¹
1368 511 1598 550 adulescens
1617 513 1782 550 uerbum

1321 3062 1342 3090 C

1368 566 1461 604 abiit
1480 566 1596 604 tristis
1634 573 1715 605 erat
1728 567 1820 605 eni-

1368 620 1516 659 habens
1536 620 1675 659 multas
1695 626 1826 672 posset

1368 687 1488 713 sionis

1365 728 1394 751 ²³
1407 729 1474 768 Ihs
1494 735 1626 768 autem
1646 729 1739 768 dixit
1759 729 1869 768 disci-

1754 782 1870 837 [pulis

1370 838 1446 877 suis
1467 850 1584 876 amen
1602 838 1690 877 dico
1710 839 1824 877 uobis

1369 893 1459 943 quia
1479 893 1641 931 difficele
1661 893 1770 931 diues
1790 893 1829 931 in

1368 947 1483 986 trabit
1502 947 1542 985 in
1562 960 1684 998 regno
1705 948 1815 987 caelo

1370 1014 1456 1040 rum

1368 1056 1544 1094 2⁴Iterum
1553 1055 1640 1095 dico
1648 1056 1760 1095 uobis
1769 1055 1871 1095 facili

1369 1122 1416 1148 us
1435 1117 1493 1148 est
1513 1111 1716 1149 camellum
1742 1123 1812 1161 per

1369 1165 1543 1203 foramen
1563 1177 1656 1203 acus
1675 1172 1761 1203 tran

1371 1220 1444 1257 sire
1460 1232 1578 1270 quarn
1598 1219 1716 1257 diuite
1733 1219 1834 1258 intra

1370 1286 1410 1311 re
1430 1274 1469 1311 in
1490 1286 1611 1324 regno
1632 1274 1829 1312 caelorum

1369 1326 1551 1366 ²⁵Auditis
1559 1333 1686 1366 autem
1695 1327 1871 1377 discipuli

1370 1382 1428 1420 his
1444 1382 1572 1421 uerbis
1592 1382 1833 1420 mirabantur

1370 1443 1408 1475 et
1419 1437 1607 1475 timebant
1623 1437 1760 1475 ualdae

1370 1491 1543 1530 dicentes
1563 1498 1599 1529 et
1619 1492 1706 1542 quis
1726 1497 1854 1542 potest

1369 1545 1499 1584 saluus
1520 1545 1601 1584 fieri
1813 1543 1870 1599 [di

1367 1599 1613 1649 ²⁶Aspicien·s
1634 1606 1763 1638 autem
1783 1600 1842 1639 ihs

1367 1654 1422 1694 xit
1442 1654 1515 1693 illis
1535 1661 1624 1706 aput
1645 1654 1804 1693 homine

1370 1741 1445 1780 hoc
1466 1741 1691 1792 inpossibile
1710 1748 1769 1780 est

1368 1803 1462 1846 aput
1481 1795 1549 1834 dm
1569 1803 1698 1834 autem
1718 1808 1786 1834 om

1370 1852 1433 1888 nia
1454 1850 1654 1900 possibilia
1674 1856 1761 1888 sunt

1368 1903 1398 1925 ²⁷
1413 1904 1529 1942 Tunc
1548 1905 1789 1954 respondens
1809 1917 1859 1955 pe

1369 1965 1449 1997 trus
1470 1959 1565 1997 dixit
1584 1959 1618 1997 ei
1638 1971 1727 1997 ecce
1748 1971 1822 1998 nos

1368 2014 1592 2063 reliquimus
1612 2013 1744 2052 omnia

1367 2074 1405 2106 et
1427 2068 1547 2106 secuti
1566 2079 1700 2106 sumus
1719 2074 1756 2106 te

1369 2122 1462 2172 quid
1483 2133 1575 2171 ergo
1594 2122 1663 2160 erit
1684 2122 1796 2160 nobis

1366 2177 1396 2198 ²⁸
1408 2177 1474 2214 lhs
1493 2183 1623 2214 autem
1643 2177 1738 2215 dixit
1757 2176 1829 2214 illis

1369 2243 1485 2268 amen
1505 2231 1593 2269 dico
1612 2231 1725 2269 uobis
1744 2230 1851 2282 quod

1368 2297 1439 2323 uos
1459 2285 1526 2336 qui
1551 2286 1670 2323 secuti
1691 2286 1782 2324 estis

1368 2352 1430 2378 me
1451 2341 1490 2377 in
1510 2340 1788 2389 generatione*

1368 2406 1459 2432 cum
1480 2394 1618 2432 sederit
1637 2394 1736 2433 filius

1367 2447 1534 2487 hominis
1555 2449 1593 2486 in
1614 2449 1705 2487 sede
1725 2461 1790 2487 ma

1368 2503 1512 2541 iestatis
1533 2515 1624 2541 suae
1645 2503 1777 2541 sedebi

1366 2557 1413 2595 tis
1433 2564 1471 2595 et
1490 2569 1562 2595 uos
1583 2569 1697 2607 super
1717 2557 1830 2595 sedes

1367 2611 1575 2649 duodecim
1592 2611 1746 2649 iudican

1367 2672 1424 2703 tes
1445 2665 1650 2703 duodecim
1665 2665 1785 2703 tribus

1367 2719 1521 2756 istrahel

1365 2771 1395 2793 ²⁹
1406 2773 1457 2809 Et
1478 2771 1606 2810 omnis
1627 2772 1692 2822 qui
1712 2772 1848 2822 reliqui

1368 2826 1414 2864 rit
1431 2826 1591 2864 domum
1611 2826 1674 2864 uel
1694 2826 1750 2864 fra

1367 2886 1444 2918 tres
1463 2887 1528 2918 aut
1548 2892 1701 2919 sorores
1720 2886 1786 2919 aut

1366 2941 1528 2973 matrem
1548 2940 1612 2972 aut
1631 2934 1730 2973 filios

1366 2994 1432 3027 aut
1451 3001 1586 3039 agrum
1608 2997 1763 3040 propter

1904 347 2063 388 Nomen
2082 360 2213 388 meum
2232 361 2305 388 cen

1903 403 2054 454 tuplum
2069 403 2234 454 adcipiet
2254 410 2291 442 et
2311 403 2351 442 ui

1904 464 1983 496 tam
2000 465 2173 497 eternam
2190 458 2298 509 possi

1903 512 2008 550 debit

1902 566 1932 588 ³⁰
1946 565 2062 605 Multi
2081 573 2210 605 autem
2231 572 2320 605 sunt
2339 566 2399 616 pri

1903 621 1955 658 mi
1975 621 2176 660 nouissimi
2195 627 2233 659 et
2253 620 2367 659 nouis

1903 676 1987 714 simi
2009 676 2122 726 primi

1903 739 1987 766 ΜΠ
2001 735 2043 766 20
2063 729 2076 750 ¹
2090 729 2221 768 Simile
2239 734 2293 767 est
2311 730 2406 767 enz'm

1904 796 2000 821 num
2020 784 2217 822 caelorum
2238 784 2290 822 ho
2319 781 2406 837 [reg

1904 838 1997 876 mini
2019 838 2302 889 patrisfamilias

1904 893 1970 943 qui
1991 893 2107 931 exiuit
2127 893 2254 943 primo
2276 904 2341 930 ma

1904 960 1953 985 ne
1973 948 2192 986 conducere
2212 959 2332 997 opera

1903 1014 1982 1040 rius
2002 1014 2042 1039 1n
2061 1013 2218 1040 uineam
2238 1013 2350 1039 suam

1903 1056 1917 1078 ²
1932 1056 2206 1095 Conuentione
2219 1061 2351 1094 autem

1904 1110 2005 1149 facta
2024 1123 2115 1150 cum
2136 1110 2324 1160 operariis

1903 1177 1952 1203 ex
1974 1165 2121 1204 dinario
2141 1165 2281 1203 diurno

1903 1219 2007 1258 misit
2027 1231 2094 1258 eos
2114 1219 2154 1257 in
2168 1219 2326 1257 uineam

1905 1285 2017 1312 suam

1903 1328 1917 1349 ³
1931 1327 2123 1378 Egressus
2144 1333 2272 1366 autem
2292 1326 2396 1366 circa

1904 1381 2000 1421 hora
2020 1381 2169 1421 tertiam
2190 1383 2281 1420 inue

1904 1437 1961 1475 nit
1981 1437 2078 1476 alios
2093 1443 2237 1475 stantes
2257 1436 2297 1474 in

1904 1491 1990 1530 foro
2007 1491 2156 1530 otiosus
2202 1491 2215 1511 ⁴
2232 1497 2269 1529 et
2290 1490 2328 1529 di

1904 1546 1959 1584 xit
1978 1546 2050 1584 illis
2070 1546 2118 1584 ite
2139 1552 2175 1583 et
2190 1558 2262 1584 uos
2283 1546 2322 1582 in
2342 1545 2382 1582 ui

1904 1612 2020 1640 neam
2040 1612 2169 1639 meam
2188 1605 2226 1639 et
2245 1599 2353 1651 quod

1903 1742 2054 1781 Iustum
2075 1741 2184 1780 fuerit
2205 1741 2309 1781 dabo

1902 1797 2016 1836 uobis
2038 1796 2116 1834 ⁶illi
2137 1803 2267 1835 autem
2287 1795 2374 1835 abie

1902 1857 1992 1890 runt

1903 1905 2049 1944 Iterum
2068 1905 2159 1943 exiit
2178 1905 2280 1944 circa
2299 1917 2368 1944 sex

1903 1966 1942 1998 ta
1961 1966 1999 1998 et
2018 1972 2124 1998 nona
2142 1959 2280 1998 horam
2300 1966 2338 1999 et

1903 2014 1992 2053 fecit
2011 2014 2184 2052 similiter

1903 2069 1917 2090 ⁶
1929 2068 2043 2107 Circa
2055 2075 2186 2107 autem
2199 2067 2407 2108 undecima

1903 2123 1999 2162 hora
2018 2123 2108 2162 exiit
2128 2130 2166 2161 et
2185 2123 2333 2162 inuenit

1904 2177 2001 2216 alios
2022 2184 2168 2216 stantes
2186 2184 2224 2215 et
2244 2177 2333 2215 dicit
2353 2177 2378 2215 il

1902 2232 1946 2270 lis
1968 2232 2060 2282 quid
2080 2232 2140 2270 hic
2161 2233 2268 2270 statis
2288 2238 2369 2270 tota

1904 2286 1965 2325 die
1977 2287 2092 2325 otiosi
2103 2286 2260 2324 ⁷dicunt
2273 2285 2405 2336 eiquia

1903 2353 2020 2379 nemo
2040 2353 2113 2378 nos
2133 2340 2318 2379 conduxit

1904 2395 1995 2433 dicit
2015 2395 2086 2433 illis
2106 2395 2156 2432 ite
2176 2400 2214 2432 et
2232 2406 2304 2432 uos
2325 2393 2366 2431 in

1902 2450 2058 2487 uineam
2077 2460 2208 2486 meam

1902 2504 1915 2525 ⁸
1924 2503 2025 2541 Cum
2039 2515 2123 2541 sero
2132 2510 2260 2540 autem
2269 2501 2399 2541 factu*

1903 2564 2003 2595 esset
2018 2557 2107 2595 dicit
2127 2557 2214 2594 dr‘ns
2233 2556 2371 2595 uineae

1902 2611 2140 2661 procuratori
2161 2622 2233 2649 suo
2253 2622 2305 2649 uo

1902 2677 1949 2703 ca
1970 2665 2168 2715 operarios
2188 2671 2226 2703 et
2247 2664 2366 2704 redde

1901 2718 1975 2756 illis
1994 2718 2213 2758 mercedem
2233 2718 2310 2758 inci

1901 2773 2012 2823 piens
2032 2785 2055 2812 a
2074 2773 2308 2812 nouissimos
2326 2786 2373 2813 us

1900 2839 1976 2877 que
1997 2827 2046 2865 ad
2065 2828 2211 2878 primos

1900 2881 2025 2920 ⁹Cum
2043 2883 2210 2920 uenisset
2225 2894 2319 2932 ergo
2335 2882 2402 2933 qui

1901 2937 2005 2975 circa
2024 2936 2270 2975 undecimam
2291 2936 2344 2975 ho

1901 3003 1984 3030 ram
2003 2997 2191 3030 uenerant
2210 2990 2307 3029 adce
