2866 3346
261 245 343 275 vm.
367 231 489 287 7-43.]
544 231 589 272 E
592 231 866 273 UANGELI
866 230 962 271 UM
989 229 1102 272 SEC

265 322 349 353 1¹01.
365 323 428 353 60.

265 365 443 415 Quisque
468 370 641 402 uestrum

264 420 347 458 sine
368 419 509 458 delicto
530 424 590 457 est
605 418 711 468 prior

263 473 305 511 in
324 486 412 512 eam
432 472 599 523 lapidem
620 473 679 512 iac

263 533 317 566 tet
426 527 488 566 ⁸et
507 527 643 565 iterum
673 527 712 565 in

264 582 387 621 clinas
407 593 449 620 se
469 581 517 620 de
537 581 660 631 digito
679 581 753 620 scri

264 637 382 675 bebat
402 637 441 674 in
463 643 604 675 terram
660 635 710 674 ⁹ss

265 690 291 729 li
310 691 424 740 igitur
443 703 532 729 cum
547 690 658 729 audis

265 752 352 783 sent
370 745 556 795 paulatim
577 756 665 783 sece

265 799 411 838 debant
430 799 569 849 singuli
588 798 674 837 adei

264 854 413 904 pientes
433 866 456 891 a
475 853 689 892 senioribus

265 919 405 946 omnes
424 914 663 946 recesserunt

265 968 304 1001 et
322 962 474 1000 relictus
492 968 550 1000 est
569 962 673 1000 solus

265 1016 326 1056 ihs
345 1023 382 1054 et
403 1028 494 1055 ecce
512 1015 649 1055 mulier
667 1015 694 1053 il

265 1070 302 1109 la
320 1070 361 1109 in
380 1070 509 1109 medio
528 1077 608 1108 erat
647 1068 676 1090 ¹⁰
687 1076 768 1109 cu-

266 1136 344 1175 que
363 1125 545 1163 erexisset
564 1136 606 1162 se
625 1123 685 1162 ihs

266 1178 363 1217 dixit
381 1178 431 1216 ad
450 1190 537 1216 eam
556 1178 694 1216 mulier

265 1233 333 1271 ubi
353 1238 441 1270 sunt
461 1233 527 1283 qui
546 1239 583 1271 te
603 1231 726 1282 perdu

264 1292 403 1325 xerunt
423 1298 540 1325 nemo
560 1293 596 1325 te
615 1286 693 1336 lapi

265 1341 372 1379 dauit
526 1340 553 1362 ¹¹
565 1347 604 1379 et
622 1341 685 1378 illa
704 1351 765 1379 res

265 1395 444 1446 pondens
460 1395 555 1434 dixit
573 1407 692 1433 nemo

265 1449 342 1488 dfie
520 1449 615 1488 dixit
635 1455 766 1487 autem

265 1504 301 1542 ei
322 1503 381 1543 ihs
400 1515 474 1542 nec
493 1516 568 1554 ego
587 1510 626 1542 te
645 1504 737 1542 dam

265 1559 371 1597 nabo
390 1558 489 1596 uade
509 1571 558 1597 ex
578 1558 655 1597 hoc
675 1558 743 1596 ia*

266 1612 346 1651 noli
366 1625 530 1663 peccare

267 1752 295 1774 ¹²
308 1753 454 1792 Iterum
473 1753 624 1792 locutus
642 1759 701 1792 est

266 1808 322 1846 eis
341 1808 401 1846 ihs
421 1808 553 1846 dicens
571 1820 646 1858 ego

267 1874 353 1900 sum
373 1862 438 1899 lux
459 1863 593 1900 mundi
614 1863 681 1913 qui

267 1917 439 1967 sequitur
459 1928 522 1954 me
541 1929 624 1954 non

267 1971 479 2009 ambulauit
499 1971 540 2008 in
559 1978 649 2009 tene

266 2024 346 2063 bris
366 2024 434 2063 sed
454 2024 611 2071 habebit
629 2025 668 2064 lu

267 2091 355 2117 cem
375 2079 478 2117 uitae

266 2131 295 2154 ¹³
306 2132 500 2171 Dixerunt
520 2145 614 2183 ergo
633 2132 687 2171 illi

267 2187 435 2238 pharisei
455 2194 495 2226 tu
516 2187 564 2225 de
584 2194 621 2225 te
641 2193 700 2226 tes

266 2241 473 2280 timonium
492 2241 672 2291 perhibes

266 2296 531 2334 testimonium
549 2302 660 2334 tuum

267 2361 348 2387 non
369 2357 427 2388 est
445 2362 581 2388 uerum

267 2402 296 2424 ²⁴
310 2403 570 2454 Respondens
590 2404 648 2443 ihs
672 2404 768 2458 dixit

267 2457 322 2496 eis
340 2465 378 2496 et
397 2459 427 2496 si
447 2470 522 2508 ego
540 2460 695 2498 testimo

268 2511 377 2549 nium
395 2512 581 2561 perhibeo
600 2512 649 2551 de

268 2577 333 2603 me
352 2565 438 2615 ipso
521 2577 660 2604 uerum

268 2625 327 2657 est
343 2619 606 2657 testimonium

268 2684 400 2711 meum
483 2673 573 2723 quia
593 2673 674 2712 scio

267 2728 372 2765 unde
391 2727 481 2766 ueni
502 2734 538 2765 et
557 2739 638 2777 quo

267 2781 371 2819 uado
481 2792 555 2819 uos
576 2788 709 2820 autem

267 2835 422 2874 nescitis
441 2835 544 2874 unde
563 2836 682 2875 uenio

266 2896 305 2930 et
325 2901 404 2940 quo
423 2890 527 2927 uado
610 2889 639 2912 ¹³
654 2902 726 2929 uos

267 2943 483 2982 secundum
503 2951 647 2983 carne-

267 2997 442 3037 iudicatis
461 3009 536 3048 ego
550 2998 681 3038 iudico

801 362 1011 402 Neminem
1030 362 1058 384 ¹⁶
1069 368 1107 401 et
1126 362 1158 401 si
1176 361 1215 400 iu

800 417 888 456 dico
909 430 983 467 ego
1002 417 1185 456 iudicium

799 483 932 510 meum
951 484 1089 510 uerum
1107 478 1165 509 est

801 527 893 577 quia
913 527 1022 565 solus
1038 538 1118 564 non
1138 537 1225 564 sum

802 580 870 619 sed
890 593 965 630 ego
986 588 1024 619 et
1043 580 1110 631 qui
1130 592 1195 618 me
1215 579 1269 617 mi

801 635 848 673 sit
867 641 978 685 pater
1136 634 1164 656 ¹⁷
1176 641 1213 673 et
1231 634 1272 672 in

799 689 885 739 lege
904 696 1032 727 uestra
1050 689 1223 739 scriptu·-

799 751 857 782 est
965 743 1056 793 quia
1075 743 1243 782 duorum

799 797 1062 836 testimonium
1082 797 1135 836 ho

798 852 948 890 minum
967 863 1104 890 uerum
1123 857 1181 890 est

798 905 827 928 ²⁸
838 918 912 956 ego
932 918 1018 945 sum
1040 906 1106 957 qui
1125 906 1280 945 testimo

800 961 909 999 nium
930 960 1123 1011 perhibeo¹
1136 960 1185 998 de

800 1027 864 1053 me
883 1015 969 1065 ipso
988 1021 1025 1053 et
1044 1015 1198 1053 testimo

800 1069 910 1107 nium
929 1081 1062 1107 meum
1082 1069 1191 1119 perhi

800 1123 865 1161 bet
884 1135 948 1161 me
967 1124 1035 1175 qui
1054 1135 1119 1162 me
1137 1123 1241 1162 misit

799 1183 910 1227 pater

799 1231 827 1252 ¹⁹
840 1230 1035 1270 Dicebant
1055 1244 1150 1281 ergo
1169 1232 1205 1271 ei
1224 1231 1292 1270 ubi

800 1292 857 1323 est
877 1292 986 1336 pater
1005 1298 1116 1324 meus

799 1339 850 1378 Et
869 1341 1067 1390 respondit
1086 1340 1146 1379 ihs
1164 1352 1291 1391 neque

800 1406 864 1432 me
884 1395 1005 1433 nostis
1026 1407 1152 1445 neque
1172 1407 1224 1445 pa

799 1455 897 1487 trem
917 1461 1049 1488 meum
1070 1449 1173 1488 scitis

800 1503 832 1542 si
851 1503 957 1541 enim
976 1516 1039 1542 me
1059 1503 1226 1543 nossetis

799 1564 838 1596 et
856 1564 1003 1607 patrem
1023 1570 1155 1597 meum

800 1611 927 1650 scietis

800 1752 830 1775 ²⁰
842 1752 954 1793 Haec
974 1754 1093 1793 uerba
1110 1754 1263 1794 locutus

1129 1819 1150 1840 8

802 1857 859 1890 est
879 1851 918 1889 in
939 1851 1221 1902 gazophylocio

802 1906 947 1944 docens
965 1907 1004 1943 in
1025 1907 1171 1957 templo

802 1966 840 1998 et
859 1972 977 1999 nemo
997 1960 1224 2011 adpreendit

802 2026 893 2052 eum
913 2015 1004 2066 quia
1019 2015 1195 2054 nondum

802 2075 884 2107 erat
904 2069 999 2107 hora
1018 2070 1100 2108 eius
1151 2068 1303 2124 [iterum

804 2132 893 2161 XUII
902 2123 930 2145 ²¹
944 2122 1071 2163 Dixit
1086 2138 1173 2174 ergo
1192 2127 1244 2163 eis

802 2177 862 2215 ihs
882 2190 958 2228 ego
977 2178 1080 2217 uado
1099 2187 1136 2217 et
1156 2192 1258 2229 quae

802 2232 883 2270 ritis
903 2244 966 2270 me
1075 2245 1150 2283 ego
1170 2234 1274 2273 uado

802 2293 840 2324 et
858 2287 1016 2336 queritis
1034 2299 1097 2326 me
1117 2295 1155 2326 et
1173 2289 1214 2327 in

801 2348 963 2391 peccato
977 2350 1108 2380 uestro
1127 2354 1194 2381 mo

802 2395 953 2433 riemini
973 2408 1052 2446 quo
1070 2408 1145 2446 ego
1165 2409 1217 2435 ua

802 2449 855 2488 do
875 2461 948 2488 uos
967 2462 1049 2489 non
1069 2452 1229 2501 potestis

801 2515 934 2542 uemre

801 2558 830 2580 ²²
842 2557 1035 2596 Dicebant
1054 2571 1149 2609 ergo
1168 2559 1271 2599 iudei

801 2613 994 2661 numquid
1013 2613 1175 2652 interfici

801 2673 839 2703 et
858 2677 900 2704 se
919 2667 1047 2715 ipsum
1068 2669 1158 2717 quia
1178 2668 1267 2706 dicit

802 2731 881 2769 quo
902 2731 976 2768 ego
997 2721 1099 2759 uado
1118 2733 1193 2760 uos
1212 2728 1294 2760 no-

802 2774 963 2822 potestis
982 2775 1115 2813 uenire

800 2827 831 2849 ²³
844 2826 895 2864 Et
914 2827 1065 2866 dicebat
1084 2841 1157 2868 uos
1176 2828 1225 2868 de
1244 2829 1292 2868 de

801 2893 935 2920 orsum
955 2883 1045 2920 estis
1181 2895 1257 2934 ego

801 2935 850 2974 de
871 2936 1133 2986 superioribus
1152 2944 1228 2976 su-

801 3001 874 3028 uos
893 2990 942 3029 de
961 2990 1036 3029 hoc
1055 2992 1206 3031 mundo

802 3044 895 3083 estis
977 3057 1052 3096 ego
1073 3058 1153 3086 non
1173 3059 1261 3086 sum

1742 230 1775 269 I
1774 230 1888 271 OHA
1895 231 2082 273 NNEM

1371 316 1454 350 Pol.
1473 319 1530 350 61.

1371 361 1432 400 De
1451 362 1527 401 hoc
1546 362 1697 401 mundo

1371 417 1400 439 ²⁴
1415 417 1494 454 dixi
1514 417 1617 455 enim
1636 417 1748 456 uobis
1767 417 1858 469 quia

1371 483 1555 509 memoris
1571 483 1650 510 non
1670 473 1761 510 estis

1370 525 1410 562 in
1429 526 1600 575 peccatis
1619 527 1757 565 uestris

1369 578 1398 601 ²⁶
1410 579 1604 619 Dicebant
1624 593 1717 630 ergo
1730 581 1765 619 ei
1785 581 1871 631 quis

1368 640 1426 672 est
1444 634 1514 673 iste
1527 634 1620 672 dixit
1635 636 1690 674 eis
1704 635 1763 674 ihs
1782 636 1873 685 pri*

1369 688 1512 739 cipium
1532 689 1639 739 quod
1660 696 1698 727 et
1717 690 1859 740 loquor

1370 743 1481 781 uobis
1500 742 1529 764 ²⁶
1541 744 1662 782 multa
1680 743 1807 783 habeo

1369 797 1419 835 de
1439 798 1552 837 uobis
1571 798 1678 849 loqui
1698 805 1735 837 et
1756 799 1836 837 iudi

1370 864 1458 890 care
1642 853 1710 891 sed
1730 853 1797 904 qui
1816 853 1872 892 mi

1371 906 1420 945 sit
1438 918 1502 945 me
1521 919 1640 946 uerax
1661 914 1719 946 est
1739 914 1776 946 et

1368 973 1444 1010 ego
1463 972 1540 1011 que
1559 962 1689 999 audiui
1708 963 1759 1001 ab

1370 1027 1419 1054 eo
1439 1015 1534 1054 haec
1554 1016 1695 1067 loquor
1713 1016 1753 1054 in

1370 1069 1445 1107 huc
1466 1071 1659 1109 mundum

1370 1122 1399 1146 ²⁷
1411 1124 1461 1162 Et
1481 1137 1563 1163 non
1582 1132 1854 1175 cognouerunt

1372 1179 1463 1228 quia
1482 1185 1634 1228 patrem
1652 1180 1707 1218 eis
1728 1180 1813 1219 dice

1371 1233 1438 1271 bat
1457 1232 1526 1270 dm

1370 1285 1400 1308 ²⁸
1414 1287 1520 1325 Dixit
1534 1299 1628 1336 ergo
1643 1287 1697 1326 eis
1710 1288 1769 1326 ihs
1782 1300 1873 1327 cum

1371 1341 1627 1380 exaltaueritis
1645 1342 1764 1380 filium

1372 1395 1540 1434 hominis
1628 1403 1721 1435 tunc
1743 1409 1818 1446 cog

1371 1450 1538 1489 noscetis
1558 1451 1650 1501 quia
1669 1464 1744 1501 ego
1765 1457 1838 1490 su‘

1372 1511 1410 1543 et
1429 1517 1452 1543 a
1470 1517 1533 1543 me
1552 1505 1638 1556 ipso
1658 1506 1751 1544 nihil
1771 1506 1872 1545 facio

1372 1559 1440 1597 sed
1460 1560 1556 1598 sicut
1576 1559 1706 1598 docuit
1725 1573 1789 1599 me

1371 1620 1481 1665 pater
1499 1614 1595 1653 haec
1614 1614 1753 1666 loquor

1372 1754 1402 1779 2⁹
1412 1756 1464 1795 Et
1478 1757 1544 1808 qui
1563 1769 1626 1796 me
1645 1757 1749 1796 misit
1769 1769 1832 1796 me

1372 1823 1462 1850 cum
1481 1818 1540 1851 est
1558 1824 1639 1850 non
1658 1813 1726 1851 reli

1372 1866 1453 1917 quit
1472 1878 1536 1904 me
1557 1866 1683 1905 solum
1703 1867 1796 1917 quia

1372 1932 1447 1970 ego
1466 1932 1567 1971 quae
1587 1921 1729 1971 placita

1373 1980 1462 2012 sunt
1481 1976 1515 2013 ei
1535 1975 1635 2014 facio
1655 1987 1796 2026 senper

1371 2029 1401 2051 ³⁰
1415 2028 1529 2068 Haec
1548 2029 1613 2068 illo
1632 2029 1816 2080 loquente

1372 2083 1483 2122 multi
1506 2084 1751 2123 crediderunt

1371 2138 1411 2175 in
1426 2150 1517 2176 eum

1371 2192 1399 2214 ³¹
1415 2192 1578 2231 Dicebat
1597 2205 1691 2242 ergo
1711 2192 1767 2232 eis
1786 2192 1846 2232 ihs

1371 2247 1438 2297 qui
1457 2247 1699 2285 crediderunt

1371 2301 1407 2339 ei
1426 2314 1475 2340 ex
1494 2301 1617 2340 iudeis
1637 2302 1668 2340 si
1687 2313 1761 2340 uos

1371 2356 1588 2394 manseritis
1606 2356 1647 2394 in
1667 2368 1736 2394 uer

1372 2410 1424 2448 bo
1444 2422 1535 2449 meo
1554 2423 1644 2449 uere
1664 2411 1759 2449 disci

1372 2464 1452 2514 puli
1471 2465 1548 2503 mei
1568 2466 1658 2504 estis
1677 2465 1706 2486 ³²
1717 2471 1755 2504 et
1769 2477 1846 2515 cog

1372 2519 1531 2557 noscitis
1551 2520 1753 2558 ueritatem

1372 2578 1410 2610 et
1428 2573 1568 2612 ueritas
1587 2573 1761 2613 liberauit

1372 2638 1446 2665 uos

1370 2681 1400 2702 ⁸³
1408 2680 1711 2731 Responderunt
1727 2679 1776 2719 ad
1790 2686 1872 2719 eu‘·

1371 2734 1472 2773 iudei
1493 2735 1662 2773 dicentes
1683 2747 1724 2773 se

1372 2800 1465 2826 men
1484 2788 1679 2827 habrahae
1700 2801 1747 2827 su

1372 2854 1460 2880 mus
1478 2849 1515 2880 et
1530 2843 1674 2881 nemini
1693 2855 1760 2882 um

1371 2908 1489 2946 quam
1510 2898 1737 2937 seruiuimus

1370 2951 1571 3000 quomodo
1589 2959 1632 2991 tu
1651 2952 1748 2991 dicis

1369 3004 1478 3045 liberi
1497 3006 1588 3045 estis

2355 247 2401 284 31

1906 363 1935 385 ³⁴
1949 363 2168 414 Respondit
2187 363 2242 403 eis
2262 364 2320 404 ihs

2269 416 2410 472 [ame-

1906 484 2022 511 amen
2043 473 2132 512 dico
2151 474 2265 512 uobis
2289 474 2380 524 quia

1906 527 2036 566 omnis
2060 528 2126 578 qui
2146 528 2236 567 facit
2254 540 2327 578 pec

1906 589 2034 620 catum
2054 594 2190 621 seruus
2209 589 2268 621 est

1906 637 2057 686 peccati
2164 637 2194 659 ³⁵
2206 649 2341 676 seruus
2360 648 2411 676 au

1907 697 1987 728 tem
2008 703 2088 729 non
2107 698 2238 730 manet
2257 692 2299 730 in

1906 745 2027 783 domo
2046 746 2085 782 in
2105 752 2282 784 eternum

1906 799 2007 837 filius
2026 806 2158 839 manet
2176 800 2216 838 in
2235 806 2317 839 eter

1907 865 2003 891 num

1907 907 1935 929 ⁸⁶
1950 907 1990 946 Si
2011 907 2108 947 filius
2126 920 2199 947 uos
2217 908 2391 948 liberaue

1907 962 1955 1001 rit
1974 974 2016 1002 re
2036 974 2129 1001 uera
2148 963 2256 1002 liberi
2275 963 2330 1002 eri

1906 1017 1955 1055 tis
2025 1018 2055 1039 ³⁷
2068 1018 2149 1056 scio
2166 1018 2256 1067 quia
2275 1022 2411 1056 seme-

1908 1071 2103 1110 habrahae
2123 1074 2214 1111 estis
2235 1073 2304 1111 sed

1908 1126 2064 1176 queritis
2084 1138 2147 1164 me
2165 1127 2263 1165 inter

1907 1180 2019 1219 ficere
2039 1181 2129 1232 quia
2148 1193 2211 1220 ser
2229 1193 2342 1220 meos

1908 1246 1988 1273 non
2008 1236 2110 1285 capit
2129 1235 2168 1273 in
2186 1236 2301 1274 uobis

1907 1289 1937 1310 ⁸⁸
1948 1301 2024 1339 ego
2043 1290 2151 1339 quod
2171 1290 2252 1328 uidi
2272 1296 2365 1341 aput

1908 1350 2058 1394 patrem
2074 1356 2206 1382 meum
2226 1344 2265 1383 lo

1909 1410 2010 1448 quor
2028 1404 2067 1436 et
2086 1410 2158 1437 uos
2178 1399 2287 1449 quod

1908 1452 2056 1491 uidistis
2075 1460 2168 1503 aput
2187 1460 2337 1504 patrem

1908 1514 2078 1546 uestrum
2094 1507 2218 1546 facitis

1908 1562 1937 1583 ³⁹
1949 1562 2001 1600 Et
2019 1562 2303 1613 responderunt
2317 1569 2412 1614 aput

1908 1629 1999 1655 eum
2019 1623 2058 1655 et
2077 1617 2255 1656 dixerunt
2274 1630 2327 1668 pa

1909 1677 1967 1710 ter
1985 1677 2117 1710 noster
2135 1671 2323 1711 abraham

1908 1758 1981 1797 Est

1907 1812 2012 1852 Dicit
2032 1814 2087 1853 eis
2099 1813 2159 1852 ihs
2173 1813 2226 1852 fili
2240 1813 2409 1854 abrahae

1908 1868 1939 1906 si
1959 1869 2051 1907 estis
2072 1881 2166 1919 oper
2185 1868 2354 1908 abrahae

1907 1922 2023 1961 facite
2133 1923 2163 1945 ⁴⁰
2175 1935 2279 1962 nunc
2294 1929 2411 1963 aute-

1907 1977 2066 2027 queritis
2084 1989 2148 2015 me
2167 1977 2294 2016 interfi

1906 2043 1994 2070 cere
2013 2031 2213 2070 hominem
2234 2032 2302 2082 qui

1905 2085 2105 2124 ueritatem
2124 2086 2277 2125 locutus

1904 2147 1964 2178 est
1983 2141 2096 2179 uobis
2112 2153 2230 2192 quam
2251 2141 2355 2179 audii

1905 2207 1929 2233 a
1949 2194 2002 2233 do
2023 2194 2098 2234 hoc
2119 2195 2303 2234 abraham

1906 2261 1988 2287 non
2008 2249 2098 2288 fecit
2117 2249 2144 2271 ‘¹¹
2157 2262 2228 2288 uos
2249 2250 2370 2289 facitis

1907 2316 2028 2354 opera
2047 2311 2176 2354 patres
2195 2305 2311 2343 uestri

1906 2357 2099 2396 Dixerunt
2114 2360 2148 2396 ei
2169 2370 2241 2397 nos
2256 2371 2303 2396 ex
2317 2369 2408 2409 pros

1905 2413 2082 2451 titutione
2102 2425 2183 2450 non
2203 2424 2338 2451 sumus

1905 2468 1986 2504 nati
2005 2478 2127 2504 unum
2146 2474 2296 2516 patrem

1905 2521 2094 2558 habemus
2113 2520 2182 2559 dm

1905 2573 2045 2613 ⁴²Dicit
2058 2574 2112 2613 eis
2124 2575 2184 2613 ihs
2193 2575 2223 2613 si
2235 2575 2284 2614 ds
2296 2580 2408 2625 pater

1905 2636 2033 2667 uester
2052 2636 2156 2668 esset
2178 2629 2337 2680 diligere

1905 2683 1953 2721 tis
1975 2682 2005 2730 si
2025 2694 2089 2721 me
2205 2696 2281 2734 ego
2300 2684 2406 2723 enim

1905 2749 1953 2775 ex
1974 2736 2027 2775 do
2047 2739 2222 2787 processi
2241 2746 2279 2777 et
2294 2751 2343 2777 ue

1903 2791 1944 2829 ni
1963 2803 2044 2829 non
2063 2792 2167 2831 enim
2187 2804 2210 2831 a
2229 2805 2293 2832 me
2313 2794 2353 2844 ip

1904 2857 1950 2884 so
1970 2846 2060 2884 ueni
2079 2846 2148 2885 sed
2167 2847 2229 2886 ille
2248 2860 2314 2886 me

1903 2900 2008 2939 misit
2117 2900 2146 2923 ⁴³
2157 2915 2275 2953 quare
2291 2908 2408 2941 mea·

1902 2953 2113 3005 loquellam
2133 2968 2213 2995 non
2232 2969 2310 3007 cog

1904 3009 2062 3048 noscitis
2145 3011 2235 3060 quia
2254 3023 2335 3048 non
